% This file was created with JabRef 2.10b2.
% Encoding: UTF-8


@Conference{Baizid20141299,
  Title                    = {Safety in coordinated control of multiple unmanned aerial vehicle manipulator systems: Case of obstacle avoidance},
  Author                   = {Baizid, K. and Caccavale, F. and Chiaverini, S. and Giglio, G. and Pierri, F.},
  Year                     = {2014},
  Note                     = {cited By 0},
  Pages                    = {1299-1304},

  Art_number               = {6961555},
  Document_type            = {Conference Paper},
  Doi                      = {10.1109/MED.2014.6961555},
  Journal                  = {2014 22nd Mediterranean Conference on Control and Automation, MED 2014},
  Source                   = {Scopus},
  Url                      = {http://www.scopus.com/inward/record.url?eid=2-s2.0-84916897272&partnerID=40&md5=99f53bf2291ded9d1a36d612a46a01ae}
}

@Article{Bernard2011914,
  Title                    = {Autonomous transportation and deployment with aerial robots for search and rescue missions},
  Author                   = {Bernard, M. and Kondak, K. and Maza, I. and Ollero, A.},
  Journal                  = {Journal of Field Robotics},
  Year                     = {2011},
  Note                     = {cited By 0},
  Number                   = {6},
  Pages                    = {914-931},
  Volume                   = {28},

  Document_type            = {Article},
  Doi                      = {10.1002/rob.20401},
  Source                   = {Scopus},
  Url                      = {http://www.scopus.com/inward/record.url?eid=2-s2.0-80054074400&partnerID=40&md5=68306a7ba3753e1ce54623aeaa700b61}
}

@Conference{Eoh2011726,
  Title                    = {Multi-robot cooperative formation for overweight object transportation},
  Author                   = {Eoh, G. and Jeon, J.D. and Choi, J.S. and Lee, B.H.},
  Year                     = {2011},
  Note                     = {cited By 0},
  Pages                    = {726-731},

  Art_number               = {6147538},
  Document_type            = {Conference Paper},
  Doi                      = {10.1109/SII.2011.6147538},
  Journal                  = {2011 IEEE/SICE International Symposium on System Integration, SII 2011},
  Source                   = {Scopus},
  Url                      = {http://www.scopus.com/inward/record.url?eid=2-s2.0-84863141808&partnerID=40&md5=e5e838c8587219c25b73c096c32d45fe}
}

@Article{Estévez2015187,
  Title                    = {Quasi-stationary state transportation of a hose with quadrotors},
  Author                   = {Estévez, J. and Lopez-Guede, J.M. and Graña, M.},
  Journal                  = {Robotics and Autonomous Systems},
  Year                     = {2015},
  Note                     = {cited By 0},
  Number                   = {P2},
  Pages                    = {187-194},
  Volume                   = {63},

  Document_type            = {Article},
  Doi                      = {10.1016/j.robot.2014.09.004},
  Source                   = {Scopus},
  Url                      = {http://www.scopus.com/inward/record.url?eid=2-s2.0-84922249918&partnerID=40&md5=021d0aa3e9c2e0a35ce3c11f3e5ceed4}
}

@Conference{Magariyama2014508,
  Title                    = {Estimation of a feasible dynamic caging zone for multirobot object transportation},
  Author                   = {Magariyama, S. and Matsumoto, H. and Ruiz, L. and Wang, Z.},
  Year                     = {2014},
  Note                     = {cited By 0},
  Pages                    = {508-514},

  Art_number               = {6917516},
  Document_type            = {Conference Paper},
  Doi                      = {10.1109/CYBER.2014.6917516},
  Journal                  = {4th Annual IEEE International Conference on Cyber Technology in Automation, Control and Intelligent Systems, IEEE-CYBER 2014},
  Source                   = {Scopus},
  Url                      = {http://www.scopus.com/inward/record.url?eid=2-s2.0-84910662162&partnerID=40&md5=3638710f4ef3f4fd8528d1e0bfeaed91}
}

@Conference{Ullah201268,
  Title                    = {Integrated collision avoidance and tracking system for mobile robot},
  Author                   = {Ullah, I. and Ullah, Q. and Ullah, F. and Shin, S.},
  Year                     = {2012},
  Note                     = {cited By 0},
  Pages                    = {68-74},

  Art_number               = {6413412},
  Document_type            = {Conference Paper},
  Doi                      = {10.1109/ICRAI.2012.6413412},
  Journal                  = {2012 International Conference on Robotics and Artificial Intelligence, ICRAI 2012},
  Source                   = {Scopus},
  Url                      = {http://www.scopus.com/inward/record.url?eid=2-s2.0-84874351811&partnerID=40&md5=ecc0e0a0a156894f5b08994d9e58b503}
}

