% This file was created with JabRef 2.10b2.
% Encoding: UTF-8


@Article{Oeztuerk2014,
  Title                    = {Optimal bid valuation using path finding for multi-robot task allocation},
  Author                   = {{\"O}zt{\"u}rk, Sava{\c{s}} and Kuzucuo{\u{g}}lu, Ahmet Emin},
  Journal                  = {Journal of Intelligent Manufacturing},
  Year                     = {2014},
  Pages                    = {1--14},

  Owner                    = {ramonmelo},
  Publisher                = {Springer},
  Timestamp                = {2015.06.10}
}

@Article{Ozturk2014,
  Title                    = {Optimal bid valuation using path finding for multi-robot task allocation},
  Author                   = {{\"O}zt{\"u}rk, Sava{\c{s}} and Kuzucuo{\u{g}}lu, Ahmet Emin},
  Journal                  = {Journal of Intelligent Manufacturing},
  Year                     = {2014},
  Pages                    = {1--14},

  Owner                    = {ramonmelo},
  Publisher                = {Springer},
  Timestamp                = {2014.10.04}
}

@Article{Ahmadabadi2001,
  Title                    = {A ``constrain and move''\ approach to distributed object manipulation},
  Author                   = {Ahmadabadi, M.N. and Nakano, E.},
  Journal                  = {IEEE Transactions on Robotics and Automation},
  Year                     = {2001},
  Number                   = {2},
  Pages                    = {157-172},
  Volume                   = {17},

  Document_type            = {Article},
  Owner                    = {ramonmelo},
  Source                   = {Scopus},
  Timestamp                = {2015.05.25},
  Url                      = {http://www.scopus.com/inward/record.url?eid=2-s2.0-0035301612&partnerID=40&md5=c746df4720359e175d2fe6e1f2fc145c}
}

@InProceedings{Carvalho2013,
  Title                    = {A Multi-robot Exploration Approach Based on Distributed Graph Coloring},
  Author                   = {Carvalho, Fabricio F and Cavalcante, Rodolfo C and Vieira, Marcos AM and Chaimowicz, Luiz and Campos, Mario FM},
  Booktitle                = {Robotics Symposium and Competition (LARS/LARC), 2013 Latin American},
  Year                     = {2013},
  Organization             = {IEEE},
  Pages                    = {142--147},

  Owner                    = {ramonmelo},
  Timestamp                = {2014.10.04}
}

@MastersThesis{Costa2007,
  Title                    = {{Explora\c{c}\~{a}o e transporte cooperativo de objetos em ambientes desconhecidos}},
  Author                   = {da Costa, Elizabeth Duane Santos},
  School                   = {ICEx - Instituto de Ciências Exatas, UFMG - Universidade Federal de Minas Gerais},
  Year                     = {2007},
  Type                     = {Mestrado},

  Owner                    = {ramonmelo},
  Timestamp                = {2015.05.25}
}

@Conference{Fink2008,
  Title                    = {Multi-robot manipulation via caging in environments with obstacles},
  Author                   = {Fink, J. and Ani Hsieh, M. and Kumar, V.},
  Year                     = {2008},
  Pages                    = {1471-1476},

  Art_number               = {4543409},
  Document_type            = {Conference Paper},
  Journal                  = {Proceedings - IEEE International Conference on Robotics and Automation}
}

@Conference{Gerkey2002,
  Title                    = {Pusher-watcher: An approach to fault-tolerant tightly-coupled robot coordination},
  Author                   = {Gerkey, B.P. and Matarić, M.J.},
  Year                     = {2002},
  Pages                    = {464-469},
  Volume                   = {1},

  Document_type            = {Conference Paper},
  Journal                  = {Proceedings - IEEE International Conference on Robotics and Automation},
  Owner                    = {ramonmelo},
  Source                   = {Scopus},
  Timestamp                = {2015.05.25},
  Url                      = {http://www.scopus.com/inward/record.url?eid=2-s2.0-0036060650&partnerID=40&md5=57345a39015dc9416b35a035c3b99051}
}

@InCollection{Gerkey2001,
  Title                    = {Principled communication for dynamic multi-robot task allocation},
  Author                   = {Gerkey, Brian P and Matari{\'c}, Maja J},
  Booktitle                = {Experimental Robotics VII},
  Publisher                = {Springer},
  Year                     = {2001},
  Pages                    = {353--362},

  Owner                    = {ramonmelo},
  Timestamp                = {2015.02.18}
}

@Article{Graf2004,
  Title                    = {Care-O-bot II - Development of a Next Generation Robotic Home Assistant},
  Author                   = {Graf, B. and Hans, M. and Schraft, R.D.},
  Journal                  = {Autonomous Robots},
  Year                     = {2004},
  Number                   = {2},
  Pages                    = {193-205},
  Volume                   = {16},

  Document_type            = {Article},
  Owner                    = {ramonmelo},
  Source                   = {Scopus},
  Timestamp                = {2015.05.25},
  Url                      = {http://www.scopus.com/inward/record.url?eid=2-s2.0-1642635006&partnerID=40&md5=a5a55ecab8437e51b6167ebdb556a621}
}

@InProceedings{Harmo2005,
  Title                    = {Needs and solutions-home automation and service robots for the elderly and disabled},
  Author                   = {Harmo, Panu and Taipalus, Tapio and Knuuttila, Jere and Vallet, Jos{\'e} and Halme, Aarne},
  Booktitle                = {Intelligent Robots and Systems, 2005.(IROS 2005). 2005 IEEE/RSJ International Conference on},
  Year                     = {2005},
  Organization             = {IEEE},
  Pages                    = {3201--3206},

  Owner                    = {ramonmelo},
  Timestamp                = {2015.04.10}
}

@Article{Kim2013,
  Title                    = {Response Threshold Model Based UAV Search Planning and Task Allocation},
  Author                   = {Kim, Min-Hyuk and Baik, Hyeoncheol and Lee, Seokcheon},
  Journal                  = {Journal of Intelligent \& Robotic Systems},
  Year                     = {2013},
  Pages                    = {1--16},

  Publisher                = {Springer},
  Review                   = {- Ambiente dividido em células - Cada celula representa uma região onde o agente procura por um alvo ou tenta destrui-lo - Uma sequencia de celular exploradas é descrito como o caminho de busca do agente - existem Nt alvos distribuidos pelo ambiente, cada um possui uma valor de importancia e uma quantidade de munição necessária pra ser destruido - existem Na agentes, possuem uma quantidade limite de combustível - e assumida a comunicação global e sem ruidos - não fizeram o modelo e controle do agente aéreos, estão focados somente nos mecanismos de planejamento e alocação de tarefas - Agente criam um mapa de probabilidades de localização de alvos - Um mapa considerando a qualidade da informação nas celulas é criado de modo a representar a insegurança quanto ?s probabilidades da posição dos alvos, fazendo com que os agente busquem nas celulas que foram visitadas a mais tempo - Utiliza um sistema de leilão para alocação de tarefas de ataque -}
}

@Article{Michael2011,
  Title                    = {Cooperative manipulation and transportation with aerial robots},
  Author                   = {Michael, Nathan and Fink, Jonathan and Kumar, Vijay},
  Journal                  = {Autonomous Robots},
  Year                     = {2011},
  Number                   = {1},
  Pages                    = {73--86},
  Volume                   = {30},

  Publisher                = {Springer}
}

@Article{Miyata2002,
  Title                    = {Cooperative transport by multiple mobile robots in unknown static environments associated with real-time task assignment},
  Author                   = {Miyata, N. and Ota, J. and Arai, T. and Asama, H.},
  Journal                  = {IEEE Transactions on Robotics and Automation},
  Year                     = {2002},
  Number                   = {5},
  Pages                    = {769-780},
  Volume                   = {18},

  Document_type            = {Article},
  Owner                    = {ramonmelo},
  Source                   = {Scopus},
  Timestamp                = {2015.05.25},
  Url                      = {http://www.scopus.com/inward/record.url?eid=2-s2.0-0036817712&partnerID=40&md5=0de8c804c384df2720a69180bac35317}
}

@Conference{Shiroma2009,
  Title                    = {CoMutaR: A framework for multi-robot coordination and task allocation},
  Author                   = {Shiroma, P.M. and Campos, M.F.M.},
  Year                     = {2009},
  Pages                    = {4817-4824},

  Art_number               = {5354166},
  Document_type            = {Conference Paper},
  Journal                  = {2009 IEEE/RSJ International Conference on Intelligent Robots and Systems, IROS 2009},
  Owner                    = {ramonmelo},
  Source                   = {Scopus},
  Timestamp                = {2015.05.25},
  Url                      = {http://www.scopus.com/inward/record.url?eid=2-s2.0-76249090462&partnerID=40&md5=04d60bb320f458d1b8e4f306a85e3eae}
}

@InProceedings{Song2002,
  Title                    = {A potential field based approach to multi-robot manipulation},
  Author                   = {Song, Peng and Kumar, Vijay},
  Booktitle                = {Robotics and Automation, 2002. Proceedings. ICRA'02. IEEE International Conference on},
  Year                     = {2002},
  Organization             = {IEEE},
  Pages                    = {1217--1222},
  Volume                   = {2},

  Owner                    = {ramonmelo},
  Timestamp                = {2015.05.25}
}

@Article{Sugar2002,
  Title                    = {Control of cooperating mobile manipulators},
  Author                   = {Sugar, T.G. and Kumar, V.},
  Journal                  = {IEEE Transactions on Robotics and Automation},
  Year                     = {2002},
  Number                   = {1},
  Pages                    = {94-103},
  Volume                   = {18},

  Document_type            = {Article},
  Owner                    = {ramonmelo},
  Source                   = {Scopus},
  Timestamp                = {2015.05.25},
  Url                      = {http://www.scopus.com/inward/record.url?eid=2-s2.0-0036476852&partnerID=40&md5=b3c61b30a04047b2f6b35878dc6abc67}
}

@Article{Sujit2013,
  Title                    = {An empirical evaluation of Co-ordination strategies for an AUV and UAV},
  Author                   = {Sujit, P.B. and Saripalli, S.},
  Journal                  = {Journal of Intelligent and Robotic Systems: Theory and Applications},
  Year                     = {2013},
  Number                   = {1-4},
  Pages                    = {373-384},
  Volume                   = {70},

  Document_type            = {Article}
}

@Article{Tanner2003,
  Title                    = {Nonholonomic navigation and control of cooperating mobile manipulators},
  Author                   = {Tanner, H.G. and Loizou, S.G. and Kyriakopoulos, K.J.},
  Journal                  = {IEEE Transactions on Robotics and Automation},
  Year                     = {2003},
  Number                   = {1},
  Pages                    = {53-64},
  Volume                   = {19},

  Document_type            = {Article},
  Owner                    = {ramonmelo},
  Source                   = {Scopus},
  Timestamp                = {2015.05.25},
  Url                      = {http://www.scopus.com/inward/record.url?eid=2-s2.0-0037331072&partnerID=40&md5=b636bd8f3a74d7d51548cd4e27f4f966}
}

@InProceedings{Tiganas2013,
  Title                    = {Multi-robot based implementation for a sample gathering problem},
  Author                   = {Tiganas, Vladimir and Kloetzer, Marius and Burlacu, Adrian},
  Booktitle                = {Proc. of International Conference System Theory, Control and Computing (ICSTCC)},
  Year                     = {2013},

  Owner                    = {ramonmelo},
  Timestamp                = {2014.10.04}
}

@InProceedings{Wawerla2010,
  Title                    = {A fast and frugal method for team-task allocation in a multi-robot transportation system},
  Author                   = {Wawerla, Jens and Vaughan, Richard T},
  Booktitle                = {Proc. of IEEE International Conference on Robotics and Automation (ICRA)},
  Year                     = {2010},

  Owner                    = {ramonmelo},
  Timestamp                = {2014.10.04}
}

@Article{Yamashita2003,
  Title                    = {Motion planning of multiple mobile robots for cooperative manipulation and transportation},
  Author                   = {Yamashita, A. and Arai, T. and Ota, J. and Asama, H.},
  Journal                  = {IEEE Transactions on Robotics and Automation},
  Year                     = {2003},
  Number                   = {2},
  Pages                    = {223-237},
  Volume                   = {19},

  Document_type            = {Article},
  Owner                    = {ramonmelo},
  Source                   = {Scopus},
  Timestamp                = {2015.05.25},
  Url                      = {http://www.scopus.com/inward/record.url?eid=2-s2.0-0037387782&partnerID=40&md5=6bc461033925c26c8fdfbfd818e7bd17}
}

@Conference{Zacharias2007,
  Title                    = {Capturing robot workspace structure: Representing robot capabilities},
  Author                   = {Zacharias, F. and Borst, C. and Hirzinger, G.},
  Year                     = {2007},
  Pages                    = {3229-3236},

  Art_number               = {4399105},
  Document_type            = {Conference Paper},
  Journal                  = {IEEE International Conference on Intelligent Robots and Systems},
  Owner                    = {ramonmelo},
  Source                   = {Scopus},
  Timestamp                = {2015.05.25},
  Url                      = {http://www.scopus.com/inward/record.url?eid=2-s2.0-51349096967&partnerID=40&md5=f4ebfbf40a9335e19c0a7f6376ae83a3}
}

