% This file was created with JabRef 2.10b2.
% Encoding: UTF-8

@inproceedings{harmo2005,
  title={Needs and solutions-home automation and service robots for the elderly and disabled},
  author={Harmo, Panu and Taipalus, Tapio and Knuuttila, Jere and Vallet, Jos{\'e} and Halme, Aarne},
  booktitle={Intelligent Robots and Systems, 2005.(IROS 2005). 2005 IEEE/RSJ International Conference on},
  pages={3201--3206},
  year={2005},
  organization={IEEE}
}
@book{murray1994,
  title={A mathematical introduction to robotic manipulation},
  author={Murray, Richard M and Li, Zexiang and Sastry, S Shankar and Sastry, S Shankara},
  year={1994},
  publisher={CRC press}
}

@Article{Ozturk2014,
  Title                    = {Optimal bid valuation using path finding for multi-robot task allocation},
  Author                   = {{\"O}zt{\"u}rk, Sava{\c{s}} and Kuzucuo{\u{g}}lu, Ahmet Emin},
  Journal                  = {Journal of Intelligent Manufacturing},
  Year                     = {2014},
  Pages                    = {1--14},

  Owner                    = {ramonmelo},
  Publisher                = {Springer},
  Timestamp                = {2014.10.04}
}

@Article{Ahmadabadi2001,
  Title                    = {A "constrain and move" approach to distributed object manipulation},
  Author                   = {Ahmadabadi, M.N. and Nakano, E.},
  Journal                  = {IEEE Transactions on Robotics and Automation},
  Year                     = {2001},
  Number                   = {2},
  Pages                    = {157-172},
  Volume                   = {17},

  __markedentry            = {[ramonmelo:1]},
  Document_type            = {Article},
  Source                   = {Scopus}
}

@InProceedings{Bibuli2011,
  Title                    = {Robot task allocation and path-planning systems in the MINOAS project framework},
  Author                   = {Bibuli, Marco and Bruzzone, Gabriele and Caccia, Massimo},
  Booktitle                = {Control \& Automation (MED), 2011 19th Mediterranean Conference on},
  Year                     = {2011},
  Organization             = {IEEE},
  Pages                    = {1194--1199},

  Owner                    = {ramonmelo},
  Timestamp                = {2014.10.04}
}

@InProceedings{Carvalho2013,
  Title                    = {A Multi-robot Exploration Approach Based on Distributed Graph Coloring},
  Author                   = {Carvalho, Fabricio F and Cavalcante, Rodolfo C and Vieira, Marcos AM and Chaimowicz, Luiz and Campos, Mario FM},
  Booktitle                = {Robotics Symposium and Competition (LARS/LARC), 2013 Latin American},
  Year                     = {2013},
  Organization             = {IEEE},
  Pages                    = {142--147},

  Owner                    = {ramonmelo},
  Timestamp                = {2014.10.04}
}

@Article{Casper2003,
  Title                    = {Human-robot interactions during the robot-assisted urban search and rescue response at the World Trade Center},
  Author                   = {Casper, J. and Murphy, R.R.},
  Journal                  = {IEEE Transactions on Systems, Man, and Cybernetics, Part B: Cybernetics},
  Year                     = {2003},
  Number                   = {3},
  Pages                    = {367-385},
  Volume                   = {33},

  Document_type            = {Article}
}

@Conference{Fink2008,
  Title                    = {Multi-robot manipulation via caging in environments with obstacles},
  Author                   = {Fink, J. and Ani Hsieh, M. and Kumar, V.},
  Year                     = {2008},
  Pages                    = {1471-1476},

  Art_number               = {4543409},
  Document_type            = {Conference Paper},
  Journal                  = {Proceedings - IEEE International Conference on Robotics and Automation}
}

@Conference{Gerkey2002,
  Title                    = {Pusher-watcher: An approach to fault-tolerant tightly-coupled robot coordination},
  Author                   = {Gerkey, B.P. and Matariƒá, M.J.},
  Year                     = {2002},
  Pages                    = {464-469},
  Volume                   = {1},

  __markedentry            = {[ramonmelo:1]},
  Document_type            = {Conference Paper},
  Journal                  = {Proceedings - IEEE International Conference on Robotics and Automation},
  Source                   = {Scopus}
}

@InCollection{Gerkey2001,
  Title                    = {Principled communication for dynamic multi-robot task allocation},
  Author                   = {Gerkey, Brian P and Matari{\'c}, Maja J},
  Booktitle                = {Experimental Robotics VII},
  Publisher                = {Springer},
  Year                     = {2001},
  Pages                    = {353--362},

  Owner                    = {ramonmelo},
  Timestamp                = {2015.02.18}
}

@Article{Graf2004,
  Title                    = {Care-O-bot II - Development of a Next Generation Robotic Home Assistant},
  Author                   = {Graf, B. and Hans, M. and Schraft, R.D.},
  Journal                  = {Autonomous Robots},
  Year                     = {2004},
  Note                     = {cited By (since 1996)123},
  Number                   = {2},
  Pages                    = {193-205},
  Volume                   = {16},

  Document_type            = {Article},
  Owner                    = {ramonmelo},
  Source                   = {Scopus},
  Timestamp                = {2014.10.04}
}

@Article{Grocholsky2006,
  Title                    = {Cooperative air and ground surveillance},
  Author                   = {Grocholsky, B. and Keller, J. and Kumar, V. and Pappas, G.},
  Journal                  = {IEEE Robotics and Automation Magazine},
  Year                     = {2006},
  Note                     = {cited By (since 1996)84},
  Number                   = {3},
  Pages                    = {16-26},
  Volume                   = {13},

  Document_type            = {Article}
}

@Article{Kim2013,
  Title                    = {Response Threshold Model Based UAV Search Planning and Task Allocation},
  Author                   = {Kim, Min-Hyuk and Baik, Hyeoncheol and Lee, Seokcheon},
  Journal                  = {Journal of Intelligent \& Robotic Systems},
  Year                     = {2013},
  Pages                    = {1--16},

  Publisher                = {Springer},
  Review                   = {- Ambiente dividido em c√©lulas - Cada celula representa uma regi√£o onde o agente procura por um alvo ou tenta destrui-lo - Uma sequencia de celular exploradas √© descrito como o caminho de busca do agente - existem Nt alvos distribuidos pelo ambiente, cada um possui uma valor de importancia e uma quantidade de muni√ß√£o necess√°ria pra ser destruido - existem Na agentes, possuem uma quantidade limite de combust√≠vel - e assumida a comunica√ß√£o global e sem ruidos - n√£o fizeram o modelo e controle do agente a√©reos, est√£o focados somente nos mecanismos de planejamento e aloca√ß√£o de tarefas - Agente criam um mapa de probabilidades de localiza√ß√£o de alvos - Um mapa considerando a qualidade da informa√ß√£o nas celulas √© criado de modo a representar a inseguran√ßa quanto √ s probabilidades da posi√ß√£o dos alvos, fazendo com que os agente busquem nas celulas que foram visitadas a mais tempo - Utiliza um sistema de leil√£o para aloca√ß√£o de tarefas de ataque -}
}

@Book{Lynch1996,
  Title                    = {Nonprehensile robotic manipulation: controllability and planning},
  Author                   = {Lynch, Kevin M},
  Publisher                = {Carnegie Mellon University},
  Year                     = {1996}
}

@Article{Michael2011,
  Title                    = {Cooperative manipulation and transportation with aerial robots},
  Author                   = {Michael, Nathan and Fink, Jonathan and Kumar, Vijay},
  Journal                  = {Autonomous Robots},
  Year                     = {2011},
  Number                   = {1},
  Pages                    = {73--86},
  Volume                   = {30},

  Publisher                = {Springer}
}

@Article{Miyata2002,
  Title                    = {Cooperative transport by multiple mobile robots in unknown static environments associated with real-time task assignment},
  Author                   = {Miyata, N. and Ota, J. and Arai, T. and Asama, H.},
  Journal                  = {IEEE Transactions on Robotics and Automation},
  Year                     = {2002},
  Number                   = {5},
  Pages                    = {769-780},
  Volume                   = {18},

  __markedentry            = {[ramonmelo:1]},
  Document_type            = {Article},
  Source                   = {Scopus}
}

@Article{Murphy2004,
  Title                    = {Human-robot interaction in rescue robotics},
  Author                   = {Murphy, R.R.},
  Journal                  = {IEEE Transactions on Systems, Man and Cybernetics Part C: Applications and Reviews},
  Year                     = {2004},
  Number                   = {2},
  Pages                    = {138-153},
  Volume                   = {34},

  Document_type            = {Article}
}

@Conference{Shiroma2009,
  Title                    = {CoMutaR: A framework for multi-robot coordination and task allocation},
  Author                   = {Shiroma, P.M. and Campos, M.F.M.},
  Year                     = {2009},
  Pages                    = {4817-4824},

  __markedentry            = {[ramonmelo:3]},
  Art_number               = {5354166},
  Document_type            = {Conference Paper},
  Journal                  = {2009 IEEE/RSJ International Conference on Intelligent Robots and Systems, IROS 2009},
  Review                   = {Apresenta o framework Comutar. descrito como um m√©todo para aloca√ß√£o de tarefas e coordena√ß√£o de agentes. Os autores assumem que uma tarefa pode ser dividida em parte at√¥micas (que n√£o podem ser mais divididas), chamadas actions; cada a√ß√£o possui restri√ß√µes e recursos necess√°rios para a ativa√ß√£o. Um conjunto de a√ß√µes},
  Source                   = {Scopus}
}

@Book{Rol2011,
  Title                    = {{Introduction to Autonomous Mobile Robots}},
  Author                   = {Roland Siegwart and Illah R. Nourbakhsh and Davide Scaramuzza},
  Publisher                = {MIT Press},
  Year                     = {2011},

  Address                  = {Cambridge, MA, USA},
  Edition                  = {2$^a$},

  ISBN                     = {0262015358}
}

@InProceedings{Song2002,
  Title                    = {A potential field based approach to multi-robot manipulation},
  Author                   = {Song, Peng and Kumar, Vijay},
  Booktitle                = {Proc. of IEEE International Conference on Robotics and Automation (ICRA)},
  Year                     = {2002},
  Organization             = {IEEE},
  Pages                    = {1217--1222},
  Volume                   = {2},

  __markedentry            = {[ramonmelo:1]},
  Owner                    = {ramonmelo},
  Timestamp                = {2015.02.18}
}

@Article{Sugar2002,
  Title                    = {Control of cooperating mobile manipulators},
  Author                   = {Sugar, T.G. and Kumar, V.},
  Journal                  = {IEEE Transactions on Robotics and Automation},
  Year                     = {2002},
  Number                   = {1},
  Pages                    = {94-103},
  Volume                   = {18},
  __markedentry            = {[ramonmelo:1]},
  Document_type            = {Article},
  Owner                    = {ramonmelo},
  Source                   = {Scopus},
  Timestamp                = {2015.02.18}
}

@Article{Sujit2013,
  Title                    = {An empirical evaluation of Co-ordination strategies for an AUV and UAV},
  Author                   = {Sujit, P.B. and Saripalli, S.},
  Journal                  = {Journal of Intelligent and Robotic Systems: Theory and Applications},
  Year                     = {2013},
  Number                   = {1-4},
  Pages                    = {373-384},
  Volume                   = {70},

  Document_type            = {Article}
}

@Conference{Tanner2007,
  Title                    = {Switched UAV-UGV cooperation scheme for target detection},
  Author                   = {Tanner, H.G.},
  Year                     = {2007},
  Pages                    = {3457-3462},

  Art_number               = {4209625},
  Document_type            = {Conference Paper},
  Journal                  = {Proceedings - IEEE International Conference on Robotics and Automation}
}

@Article{Tanner2003,
  Title                    = {Nonholonomic navigation and control of cooperating mobile manipulators},
  Author                   = {Tanner, H.G. and Loizou, S.G. and Kyriakopoulos, K.J.},
  Journal                  = {IEEE Transactions on Robotics and Automation},
  Year                     = {2003},
  Number                   = {1},
  Pages                    = {53-64},
  Volume                   = {19},
  __markedentry            = {[ramonmelo:1]},
  Document_type            = {Article},
  Owner                    = {ramonmelo},
  Source                   = {Scopus},
  Timestamp                = {2015.02.18}
}

@InProceedings{Tiganas2013,
  Title                    = {Multi-robot based implementation for a sample gathering problem},
  Author                   = {Tiganas, Vladimir and Kloetzer, Marius and Burlacu, Adrian},
  Booktitle                = {Proc. of International Conference System Theory, Control and Computing (ICSTCC)},
  Year                     = {2013},
%  Pages                    = {545--550},
  Owner                    = {ramonmelo},
  Timestamp                = {2014.10.04}
}

@InProceedings{Tokekar2013,
  Title                    = {Sensor planning for a symbiotic UAV and UGV system for precision agriculture},
  Author                   = {Tokekar, P. and Vander Hook, J. and Mulla, D. and Isler, V.},
  Booktitle                = {Intelligent Robots and Systems (IROS), 2013 IEEE/RSJ International Conference on},
  Year                     = {2013},
  Month                    = {Nov},
  Pages                    = {5321-5326},

  ISSN                     = {2153-0858}
}

@InProceedings{Wawerla2010,
  Title                    = {A fast and frugal method for team-task allocation in a multi-robot transportation system},
  Author                   = {Wawerla, Jens and Vaughan, Richard T},
  Booktitle                = {Proc. of IEEE International Conference on Robotics and Automation (ICRA)},
  Year                     = {2010},
%  Pages                    = {1432--1437},
  Owner                    = {ramonmelo},
  Timestamp                = {2014.10.04}
}

@Article{Yamashita2003,
  Title                    = {Motion planning of multiple mobile robots for cooperative manipulation and transportation},
  Author                   = {Yamashita, A. and Arai, T. and Ota, J. and Asama, H.},
  Journal                  = {IEEE Transactions on Robotics and Automation},
  Year                     = {2003},
  Note                     = {cited By (since 1996)54},
  Number                   = {2},
  Pages                    = {223-237},
  Volume                   = {19},

  __markedentry            = {[ramonmelo:1]},
  Document_type            = {Article},
  Owner                    = {ramonmelo},
  Source                   = {Scopus},
  Timestamp                = {2015.02.18}
}
