% This file was created with JabRef 2.10b2.
% Encoding: UTF-8


@Article{Oeztuerk2014,
  Title                    = {Optimal bid valuation using path finding for multi-robot task allocation},
  Author                   = {{\"O}zt{\"u}rk, Sava{\c{s}} and Kuzucuo{\u{g}}lu, Ahmet Emin},
  Journal                  = {Journal of Intelligent Manufacturing},
  Year                     = {2014},
  Pages                    = {1--14},

  Owner                    = {ramonmelo},
  Publisher                = {Springer},
  Timestamp                = {2015.06.10}
}

@Article{Ozturk2014,
  Title                    = {Optimal bid valuation using path finding for multi-robot task allocation},
  Author                   = {{\"O}zt{\"u}rk, Sava{\c{s}} and Kuzucuo{\u{g}}lu, Ahmet Emin},
  Journal                  = {Journal of Intelligent Manufacturing},
  Year                     = {2014},
  Pages                    = {1--14},

  Owner                    = {ramonmelo},
  Publisher                = {Springer},
  Timestamp                = {2014.10.04}
}

@Article{Ahmadabadi2001,
  Title                    = {A ``constrain and move''\ approach to distributed object manipulation},
  Author                   = {Ahmadabadi, M.N. and Nakano, E.},
  Journal                  = {IEEE Transactions on Robotics and Automation},
  Year                     = {2001},
  Number                   = {2},
  Pages                    = {157-172},
  Volume                   = {17},

  Document_type            = {Article},
  Owner                    = {ramonmelo},
  Source                   = {Scopus},
  Timestamp                = {2015.05.25},
  Url                      = {http://www.scopus.com/inward/record.url?eid=2-s2.0-0035301612&partnerID=40&md5=c746df4720359e175d2fe6e1f2fc145c}
}

@InProceedings{Carvalho2013,
  Title                    = {A Multi-robot Exploration Approach Based on Distributed Graph Coloring},
  Author                   = {Carvalho, Fabricio F and Cavalcante, Rodolfo C and Vieira, Marcos AM and Chaimowicz, Luiz and Campos, Mario FM},
  Booktitle                = {Robotics Symposium and Competition (LARS/LARC), 2013 Latin American},
  Year                     = {2013},
  Organization             = {IEEE},
  Pages                    = {142--147},

  Owner                    = {ramonmelo},
  Timestamp                = {2014.10.04}
}

@MastersThesis{Costa2007,
  Title                    = {{Explora\c{c}\~{a}o e transporte cooperativo de objetos em ambientes desconhecidos}},
  Author                   = {da Costa, Elizabeth Duane Santos},
  School                   = {ICEx - Instituto de Ciências Exatas, UFMG - Universidade Federal de Minas Gerais},
  Year                     = {2007},
  Type                     = {Mestrado},

  Owner                    = {ramonmelo},
  Timestamp                = {2015.05.25}
}

@Conference{Fink2008,
  Title                    = {Multi-robot manipulation via caging in environments with obstacles},
  Author                   = {Fink, J. and Ani Hsieh, M. and Kumar, V.},
  Year                     = {2008},
  Pages                    = {1471-1476},

  Art_number               = {4543409},
  Document_type            = {Conference Paper},
  Journal                  = {Proceedings - IEEE International Conference on Robotics and Automation}
}

@Conference{Gerkey2002,
  Title                    = {Pusher-watcher: An approach to fault-tolerant tightly-coupled robot coordination},
  Author                   = {Gerkey, B.P. and Matarić, M.J.},
  Year                     = {2002},
  Pages                    = {464-469},
  Volume                   = {1},

  Document_type            = {Conference Paper},
  Journal                  = {Proceedings - IEEE International Conference on Robotics and Automation},
  Owner                    = {ramonmelo},
  Source                   = {Scopus},
  Timestamp                = {2015.05.25},
  Url                      = {http://www.scopus.com/inward/record.url?eid=2-s2.0-0036060650&partnerID=40&md5=57345a39015dc9416b35a035c3b99051}
}

@InCollection{Gerkey2001,
  Title                    = {Principled communication for dynamic multi-robot task allocation},
  Author                   = {Gerkey, Brian P and Matari{\'c}, Maja J},
  Booktitle                = {Experimental Robotics VII},
  Publisher                = {Springer},
  Year                     = {2001},
  Pages                    = {353--362},

  Owner                    = {ramonmelo},
  Timestamp                = {2015.02.18}
}

@Article{Graf2004,
  Title                    = {Care-O-bot II - Development of a Next Generation Robotic Home Assistant},
  Author                   = {Graf, B. and Hans, M. and Schraft, R.D.},
  Journal                  = {Autonomous Robots},
  Year                     = {2004},
  Number                   = {2},
  Pages                    = {193-205},
  Volume                   = {16},

  Document_type            = {Article},
  Owner                    = {ramonmelo},
  Source                   = {Scopus},
  Timestamp                = {2015.05.25},
  Url                      = {http://www.scopus.com/inward/record.url?eid=2-s2.0-1642635006&partnerID=40&md5=a5a55ecab8437e51b6167ebdb556a621}
}

@InProceedings{Harmo2005,
  Title                    = {Needs and solutions-home automation and service robots for the elderly and disabled},
  Author                   = {Harmo, Panu and Taipalus, Tapio and Knuuttila, Jere and Vallet, Jos{\'e} and Halme, Aarne},
  Booktitle                = {Intelligent Robots and Systems, 2005.(IROS 2005). 2005 IEEE/RSJ International Conference on},
  Year                     = {2005},
  Organization             = {IEEE},
  Pages                    = {3201--3206},

  Owner                    = {ramonmelo},
  Timestamp                = {2015.04.10}
}

@Article{Kim2013,
  Title                    = {Response Threshold Model Based UAV Search Planning and Task Allocation},
  Author                   = {Kim, Min-Hyuk and Baik, Hyeoncheol and Lee, Seokcheon},
  Journal                  = {Journal of Intelligent \& Robotic Systems},
  Year                     = {2013},
  Pages                    = {1--16},

  Publisher                = {Springer},
  Review                   = {- Ambiente dividido em células - Cada celula representa uma região onde o agente procura por um alvo ou tenta destrui-lo - Uma sequencia de celular exploradas é descrito como o caminho de busca do agente - existem Nt alvos distribuidos pelo ambiente, cada um possui uma valor de importancia e uma quantidade de munição necessária pra ser destruido - existem Na agentes, possuem uma quantidade limite de combustível - e assumida a comunicação global e sem ruidos - não fizeram o modelo e controle do agente aéreos, estão focados somente nos mecanismos de planejamento e alocação de tarefas - Agente criam um mapa de probabilidades de localização de alvos - Um mapa considerando a qualidade da informação nas celulas é criado de modo a representar a insegurança quanto ?s probabilidades da posição dos alvos, fazendo com que os agente busquem nas celulas que foram visitadas a mais tempo - Utiliza um sistema de leilão para alocação de tarefas de ataque -}
}

@Article{Michael2011,
  Title                    = {Cooperative manipulation and transportation with aerial robots},
  Author                   = {Michael, Nathan and Fink, Jonathan and Kumar, Vijay},
  Journal                  = {Autonomous Robots},
  Year                     = {2011},
  Number                   = {1},
  Pages                    = {73--86},
  Volume                   = {30},

  Publisher                = {Springer}
}

@Article{Miyata2002,
  Title                    = {Cooperative transport by multiple mobile robots in unknown static environments associated with real-time task assignment},
  Author                   = {Miyata, N. and Ota, J. and Arai, T. and Asama, H.},
  Journal                  = {IEEE Transactions on Robotics and Automation},
  Year                     = {2002},
  Number                   = {5},
  Pages                    = {769-780},
  Volume                   = {18},

  Document_type            = {Article},
  Owner                    = {ramonmelo},
  Source                   = {Scopus},
  Timestamp                = {2015.05.25},
  Url                      = {http://www.scopus.com/inward/record.url?eid=2-s2.0-0036817712&partnerID=40&md5=0de8c804c384df2720a69180bac35317}
}

@Conference{Shiroma2009,
  Title                    = {CoMutaR: A framework for multi-robot coordination and task allocation},
  Author                   = {Shiroma, P.M. and Campos, M.F.M.},
  Year                     = {2009},
  Pages                    = {4817-4824},

  Art_number               = {5354166},
  Document_type            = {Conference Paper},
  Journal                  = {2009 IEEE/RSJ International Conference on Intelligent Robots and Systems, IROS 2009},
  Owner                    = {ramonmelo},
  Source                   = {Scopus},
  Timestamp                = {2015.05.25},
  Url                      = {http://www.scopus.com/inward/record.url?eid=2-s2.0-76249090462&partnerID=40&md5=04d60bb320f458d1b8e4f306a85e3eae}
}

@InProceedings{Song2002,
  Title                    = {A potential field based approach to multi-robot manipulation},
  Author                   = {Song, Peng and Kumar, Vijay},
  Booktitle                = {Robotics and Automation, 2002. Proceedings. ICRA'02. IEEE International Conference on},
  Year                     = {2002},
  Organization             = {IEEE},
  Pages                    = {1217--1222},
  Volume                   = {2},

  Owner                    = {ramonmelo},
  Timestamp                = {2015.05.25}
}

@Article{Sugar2002,
  Title                    = {Control of cooperating mobile manipulators},
  Author                   = {Sugar, T.G. and Kumar, V.},
  Journal                  = {IEEE Transactions on Robotics and Automation},
  Year                     = {2002},
  Number                   = {1},
  Pages                    = {94-103},
  Volume                   = {18},

  Document_type            = {Article},
  Owner                    = {ramonmelo},
  Source                   = {Scopus},
  Timestamp                = {2015.05.25},
  Url                      = {http://www.scopus.com/inward/record.url?eid=2-s2.0-0036476852&partnerID=40&md5=b3c61b30a04047b2f6b35878dc6abc67}
}

@Article{Sujit2013,
  Title                    = {An empirical evaluation of Co-ordination strategies for an AUV and UAV},
  Author                   = {Sujit, P.B. and Saripalli, S.},
  Journal                  = {Journal of Intelligent and Robotic Systems: Theory and Applications},
  Year                     = {2013},
  Number                   = {1-4},
  Pages                    = {373-384},
  Volume                   = {70},

  Document_type            = {Article}
}

@Article{Tanner2003,
  Title                    = {Nonholonomic navigation and control of cooperating mobile manipulators},
  Author                   = {Tanner, H.G. and Loizou, S.G. and Kyriakopoulos, K.J.},
  Journal                  = {IEEE Transactions on Robotics and Automation},
  Year                     = {2003},
  Number                   = {1},
  Pages                    = {53-64},
  Volume                   = {19},

  Document_type            = {Article},
  Owner                    = {ramonmelo},
  Source                   = {Scopus},
  Timestamp                = {2015.05.25},
  Url                      = {http://www.scopus.com/inward/record.url?eid=2-s2.0-0037331072&partnerID=40&md5=b636bd8f3a74d7d51548cd4e27f4f966}
}

@InProceedings{Tiganas2013,
  Title                    = {Multi-robot based implementation for a sample gathering problem},
  Author                   = {Tiganas, Vladimir and Kloetzer, Marius and Burlacu, Adrian},
  Booktitle                = {Proc. of International Conference System Theory, Control and Computing (ICSTCC)},
  Year                     = {2013},

  Owner                    = {ramonmelo},
  Timestamp                = {2014.10.04}
}

@InProceedings{Wawerla2010,
  Title                    = {A fast and frugal method for team-task allocation in a multi-robot transportation system},
  Author                   = {Wawerla, Jens and Vaughan, Richard T},
  Booktitle                = {Proc. of IEEE International Conference on Robotics and Automation (ICRA)},
  Year                     = {2010},

  Owner                    = {ramonmelo},
  Timestamp                = {2014.10.04}
}

@Article{Yamashita2003,
  Title                    = {Motion planning of multiple mobile robots for cooperative manipulation and transportation},
  Author                   = {Yamashita, A. and Arai, T. and Ota, J. and Asama, H.},
  Journal                  = {IEEE Transactions on Robotics and Automation},
  Year                     = {2003},
  Number                   = {2},
  Pages                    = {223-237},
  Volume                   = {19},

  Document_type            = {Article},
  Owner                    = {ramonmelo},
  Source                   = {Scopus},
  Timestamp                = {2015.05.25},
  Url                      = {http://www.scopus.com/inward/record.url?eid=2-s2.0-0037387782&partnerID=40&md5=6bc461033925c26c8fdfbfd818e7bd17}
}

@Conference{Zacharias2007,
  Title                    = {Capturing robot workspace structure: Representing robot capabilities},
  Author                   = {Zacharias, F. and Borst, C. and Hirzinger, G.},
  Year                     = {2007},
  Pages                    = {3229-3236},

  Art_number               = {4399105},
  Document_type            = {Conference Paper},
  Journal                  = {IEEE International Conference on Intelligent Robots and Systems},
  Owner                    = {ramonmelo},
  Source                   = {Scopus},
  Timestamp                = {2015.05.25},
  Url                      = {http://www.scopus.com/inward/record.url?eid=2-s2.0-51349096967&partnerID=40&md5=f4ebfbf40a9335e19c0a7f6376ae83a3}
}


% This file was created with JabRef 2.10b2.
% Encoding: UTF8


@Article{Oeztuerk2014,
  Title                    = {Optimal bid valuation using path finding for multi-robot task allocation},
  Author                   = {{\"O}zt{\"u}rk, Sava{\c{s}} and Kuzucuo{\u{g}}lu, Ahmet Emin},
  Journal                  = {Journal of Intelligent Manufacturing},
  Year                     = {2014},
  Pages                    = {1--14},

  Owner                    = {task allocation},
  Publisher                = {Springer},
  Review                   = {Trabalhando no âmbito da alocação de tarefas entre agentes para a vizitação de pontos em um mapa, os autores propôem um novo modelo baseado em estratégias de leilão que considera o planejamento de caminhos como parte fundamental durante a etapa de avaliação das ofertas pelos agentes. Além disso, demonstram um novo planejador de caminhos, o \emph{Transition points method (TPM)}, que em contraste com outros, como RRT ou D*, se mostrou bastante eficaz para os casos estudados.}
}

@PhdThesis{Adorno2011,
  Title                    = {Two-arm manipulation: From manipulators to enhanced human-robot collaboration},
  Author                   = {Adorno, Bruno Vilhena},
  School                   = {Universit{\'e} Montpellier II-Sciences et Techniques du Languedoc},
  Year                     = {2011},

  Owner                    = {transport - grasp}
}

@InProceedings{Adorno2010,
  Title                    = {Dual position control strategies using the cooperative dual task-space framework},
  Author                   = {Adorno, Bruno Vilhena and Fraisse, Philippe and Druon, S{\'e}bastien},
  Booktitle                = {Intelligent Robots and Systems (IROS), 2010 IEEE/RSJ International Conference on},
  Year                     = {2010},
  Organization             = {IEEE},
  Pages                    = {3955--3960},

  Owner                    = {transport - grasp}
}

@Article{Ahmadabadi2001,
  Title                    = {A "constrain and move" approach to distributed object manipulation},
  Author                   = {Ahmadabadi, M.N. and Nakano, E.},
  Journal                  = {IEEE Transactions on Robotics and Automation},
  Year                     = {2001},
  Number                   = {2},
  Pages                    = {157-172},
  Volume                   = {17},

  __markedentry            = {[ramonmelo:3]},
  Document_type            = {Article},
  Owner                    = {transport - grasp},
  Review                   = {Usa um controle baseado em comportamentos. Duas tarefas são criadas: a de 'constrain' e de 'moving' São criadas duas estratégias distribuidas para mover o objeto, umas para rotaciona-lo baseado em um ponto fixo, outro para move-lo em uma linha reta. Os agentes conseguem elevar e baixar o objeto a ser transportado de forma coordenada, através do uso de sensores e com um sistema de comunicação. Aplica o conceito de 'constrain-move'},
  Source                   = {Scopus},
  Url                      = {http://www.scopus.com/inward/record.url?eid=2-s2.0-0035301612&partnerID=40&md5=c746df4720359e175d2fe6e1f2fc145c}
}

@InProceedings{Arleo2013,
  Title                    = {Control of quadrotor aerial vehicles equipped with a robotic arm},
  Author                   = {Arleo, G and Caccavale, F and Muscio, G and Pierri, Francesco},
  Booktitle                = {Control \& Automation (MED), 2013 21st Mediterranean Conference on},
  Year                     = {2013},
  Organization             = {IEEE},
  Pages                    = {1174--1180},

  __markedentry            = {[ramonmelo:3]},
  Owner                    = {transport - grasp},
  Review                   = {Apresenta uma nova proposta de controle de movimentação hierarquico para agentes aereos munidos de um manipulador. O controle é feito mediante duas camadas de controle: (i) camada superior, responsável por calcular a cinemática inversa do sistema para chegar até a posição desejada da manipulação. Tem como saida a posição e a direção que o quadcopter deve atingir, além da configuração das juntas do manipulador. (ii) a camada inferior é um controlador de movimentação que observa e controle o sistema para atingir a configuração computada na camada superior.}
}

@Article{Augugliaro2014,
  Title                    = {The flight assembled architecture installation: Cooperative construction with flying machines},
  Author                   = {Augugliaro, Federico and Lupashin, Sergei and Hamer, Michael and Male, Cason and Hehn, Markus and Mueller, Mark W and Willmann, Jan Sebastian and Gramazio, Fabio and Kohler, Mark and D'Andrea, Raffaello},
  Journal                  = {Control Systems, IEEE},
  Year                     = {2014},
  Number                   = {4},
  Pages                    = {46--64},
  Volume                   = {34},

  __markedentry            = {[ramonmelo:3]},
  Owner                    = {transport - grasp - construction},
  Publisher                = {IEEE}
}

@InProceedings{Baizid2014,
  Title                    = {Safety in coordinated control of multiple unmanned aerial vehicle manipulator systems: Case of obstacle avoidance},
  Author                   = {Baizid, Khelifa and Caccavale, F and Chiaverini, Stefano and Giglio, Gerardo and Pierri, Francesco},
  Booktitle                = {Control and Automation (MED), 2014 22nd Mediterranean Conference of},
  Year                     = {2014},
  Organization             = {IEEE},
  Pages                    = {1299--1304},

  __markedentry            = {[ramonmelo:3]},
  Owner                    = {transport - grasp},
  Review                   = {Demonstra duas técnicas para o transporte de objetos usando UAVs para transporte de uma barra, focando principalmente no desvio de obstáculos. Baseado na técnica 'Null-Space-base Behavioral (NSB)' que permite várias tarefas a serem executada de forma concorrente. Demonstra dois cenários experimentais, onde quadrotores, possuindo garras devem transportar uma barra em um ambiente com obstáculos, desviando dos mesmos. Para tal, dois controladores são desenvolvidos, um que controle todo o sistema, drones e a barra, para evitar colisões, e outro que muda a trajetória somente do agente mais próximo ao obstáculo.}
}

@Conference{Behrens2010,
  Title                    = {Models for pushing objects with a mobile robot using single point contact},
  Author                   = {Behrens, M. and Huang, S. and Dissanayake, G.},
  Year                     = {2010},
  Pages                    = {2964-2969},

  __markedentry            = {[ramonmelo:2]},
  Art_number               = {5653646},
  Document_type            = {Conference Paper},
  Doi                      = {10.1109/IROS.2010.5653646},
  Journal                  = {IEEE/RSJ 2010 International Conference on Intelligent Robots and Systems, IROS 2010 - Conference Proceedings},
  Owner                    = {transport - push},
  Review                   = {Apresenta um modelo matematico para o transporte de objetos usando robos com a capacidade de empurrar o objeto com base em somente um ponto de contato. É estudada uma forma de controle da magnitude e a direção da força entre o robo e o objeto de modo a levar o objeto para a configuração de destino desejada.},
  Source                   = {Scopus}
}

@Article{Bernard2011,
  Title                    = {Autonomous transportation and deployment with aerial robots for search and rescue missions},
  Author                   = {Bernard, Markus and Kondak, Konstantin and Maza, Ivan and Ollero, Anibal},
  Journal                  = {Journal of Field Robotics},
  Year                     = {2011},
  Number                   = {6},
  Pages                    = {914--931},
  Volume                   = {28},

  __markedentry            = {[ramonmelo:3]},
  Owner                    = {transport - grasp},
  Publisher                = {Wiley Online Library},
  Review                   = {Aplicaçao de robos nos cenario de busca e resgate, de modo a auxiliar vitimas em casos como este. Apresenta experimentos para transporte e entrega de cargas de forma precisa, pois as pessoas auxiliadas podem ter sua mobilidade prejudicada por conta de ferimentos, por exemplo. São 3 robos helicopteros, que cooperam compartilhando dados de sensores. A carga a ser transportada é presa ao robo por meio de um sistema que possui uma mecanica maleável e solta o objeto com o destravamento de um pino de segurança.}
}

@Article{Bhattacharya2008,
  Title                    = {Roadmap-based path planning-Using the Voronoi diagram for a clearance-based shortest path},
  Author                   = {Bhattacharya, Priyadarshi and Gavrilova, Marina L},
  Journal                  = {Robotics \& Automation Magazine, IEEE},
  Year                     = {2008},
  Number                   = {2},
  Pages                    = {58--66},
  Volume                   = {15},

  Owner                    = {path planning},
  Publisher                = {IEEE}
}

@InProceedings{Bhattacharya2007,
  Title                    = {Voronoi diagram in optimal path planning},
  Author                   = {Bhattacharya, Priyadarshi and Gavrilova, Marina L},
  Booktitle                = {Voronoi Diagrams in Science and Engineering, 2007. ISVD'07. 4th International Symposium on},
  Year                     = {2007},
  Organization             = {IEEE},
  Pages                    = {38--47},

  Owner                    = {path planning}
}

@InProceedings{Bibuli2011,
  Title                    = {Robot task allocation and path-planning systems in the MINOAS project framework},
  Author                   = {Bibuli, Marco and Bruzzone, Gabriele and Caccia, Massimo},
  Booktitle                = {Control \& Automation (MED), 2011 19th Mediterranean Conference on},
  Year                     = {2011},
  Organization             = {IEEE},
  Pages                    = {1194--1199},

  Owner                    = {task allocation},
  Review                   = {Demonstra uma tecnica para alocação e controle de uma equipe heterogênea de agentes na tarefa de inspeção de um navio. O ambiente é discretizado em um grafo ligando todas as regiões que se interligam no navio, além de carregar informações sobre caracteristicas de movimentação dentro das áreas, como as que estão submersas ou que possuam obstaculos. Baseado nos recursos disponíveis, ou seja, as capacidades de cada agente, os autores apresentam algoritmos para alocação das salas para os agentes que primeiro são capazes de realizar a inspeção, além de buscar uma solução sub-otima em relação à distância percorrida total pelo grupo durante a execução da tarefa.}
}

@Article{Brooks1986,
  Title                    = {A robust layered control system for a mobile robot},
  Author                   = {Brooks, Rodney Allen},
  Journal                  = {Robotics and Automation, IEEE Journal of},
  Year                     = {1986},
  Number                   = {1},
  Pages                    = {14--23},
  Volume                   = {2},

  Owner                    = {coordination},
  Publisher                = {IEEE}
}

@InProceedings{Carvalho2013,
  Title                    = {A Multi-robot Exploration Approach Based on Distributed Graph Coloring},
  Author                   = {Carvalho, Fabricio F and Cavalcante, Rodolfo C and Vieira, Marcos AM and Chaimowicz, Luiz and Campos, Mario FM},
  Booktitle                = {Robotics Symposium and Competition (LARS/LARC), 2013 Latin American},
  Year                     = {2013},
  Organization             = {IEEE},
  Pages                    = {142--147},

  Owner                    = {task allocation},
  Review                   = {Apresenta uma extratégia para alocar tarefas entre um grupo de agentes na tarefa de exploração de pontos em um mapa usando algoritmos de colocação de grafos para tal. Na técnica apresentada, os pontos a serem visitados são interligados formando um grafo respeitando um certo limiar de distância, indicando a existência ou não da ligação. Cada agente representa um cor, e baseado nesta disponibilidade o grafo é colorido, e deste modo, as tarefas são assinaladas aos respectivos agentes.}
}

@Article{Casper2003,
  Title                    = {Human-robot interactions during the robot-assisted urban search and rescue response at the World Trade Center},
  Author                   = {Casper, J. and Murphy, R.R.},
  Journal                  = {IEEE Transactions on Systems, Man, and Cybernetics, Part B: Cybernetics},
  Year                     = {2003},
  Number                   = {3},
  Pages                    = {367-385},
  Volume                   = {33},

  Document_type            = {Article},
  Owner                    = {human interaction},
  Source                   = {Scopus},
  Url                      = {http://www.scopus.com/inward/record.url?eid=2-s2.0-0037645803&partnerID=40&md5=c8920f1c41f82f388959f7e4546baa25}
}

@Book{Choset2005,
  Title                    = {{Principles of Robot Motion: Theory, Algorithms, and Implementations}},
  Author                   = {Howie Choset and Kevin M. Lynch and Seth Hutchinson and GeorgeA Kantor and Wolfram Burgard and Lydia E. Kavraki and Sebastian Thrun},
  Publisher                = {MIT Press},
  Year                     = {2005},

  Address                  = {Cambridge, MA},
  Month                    = {June},

  ISBN                     = {0262033275}
}

@InProceedings{Cohen1995,
  Title                    = {I-collide: An interactive and exact collision detection system for large-scale environments},
  Author                   = {Cohen, Jonathan D and Lin, Ming C and Manocha, Dinesh and Ponamgi, Madhav},
  Booktitle                = {Proceedings of the 1995 symposium on Interactive 3D graphics},
  Year                     = {1995},
  Organization             = {ACM},
  Pages                    = {189--ff}
}

@MastersThesis{Costa2012,
  Title                    = {Exploração e transporte cooperativo de objetos em ambientes desconhecidos},
  Author                   = {da Costa, Elizabeth Duane Santos},
  School                   = {ICEx - Instituto de Ciências Exatas, UFMG - Universidade Federal de Minas Gerais},
  Year                     = {2012},
  Type                     = {Mestrado},

  __markedentry            = {[ramonmelo:2]},
  Abstract                 = {Este trabalho apresenta um arcabouço cooperativo para identificação e transporte de objetos dispostos em um ambiente desconhecido. Os objetos possuem forma, tamanho e peso variados e podem ser transportados de duas maneiras: carregados com o auxílio de um manipulador ou empurrados De acordo com a capacidade de atuação dos robôs e as características do objeto, um modo de transporte é mais adequado que o outro. O robô estima as características do objeto que são necessárias para o processo de decisão de transporte. Para tal, o robô faz um mapeamento 2D de um determinado objeto utilizando um laser. Além disso, estima o esforço necessário para empurrar o objeto por meio de medições da potência elétrica do motor. Com essas informações, o robô consegue decidir como o objeto será transportado, caso seja necessário, solicita ajuda de outros robôs para executar o transporte. Experimentos simulados e realizados em ambiente real foram utilizados para avaliar as limitações e eficácia do arcabouço.},
  Owner                    = {transport - push},
  Review                   = {Demonstra o tranporte de objetos utilizando robôs terrestres capazes de empurrar e segurar objetos. Apresenta tecnicas para estimar as caracteristicas dos objetos a serem tranposrtados, além de demonstrar uma tecnica de coordenação baseada no comportamento de formigas (bio inspirado) para recrutamento de agentes. Utiliza tecnicas de campos potenciais para guiar os robos a levarem os objetos para as regiões de deposito dos mesmo. Utiliza a tecnica de matriz de ocupação (discretizado) para explorar o ambiente. Se um robo não consegue transportar o objeto sozinho, inicia-se um leilão para recrutar outros robos para a tarefa. Se todos os robos disponíveis durante o recrutamento não são capazes de transportar o objeto, o mesmo é dito como intrasportável. Não possui desvio de obstaculos durante o transporte}
}

@InProceedings{Emery2001,
  Title                    = {Behavior-based control of a non-holonomic robot in pushing tasks},
  Author                   = {Emery, R. and Balch, T.},
  Booktitle                = {Robotics and Automation, 2001. Proceedings 2001 ICRA. IEEE International Conference on},
  Year                     = {2001},
  Pages                    = { 2381 - 2388 vol.3},
  Volume                   = {3},

  __markedentry            = {[ramonmelo:2]},
  Doi                      = {10.1109/ROBOT.2001.932978},
  ISSN                     = {1050-4729 },
  Keywords                 = { RoboCup soccer matches; ball dribbling; behavior-based control; box pushing; internal model; mobile robots; motor schema-based control system; nonholonomic robot; obstacle field; pushing tasks; digital simulation; mobile robots; motion control;},
  Owner                    = {transport - push},
  Review                   = {Emery & Balch [2001] apresentam um controlador para robôs não holonô- micos que permite aos mesmos transportar objetos. É também incorporado um módulo de desvio de obstáculos utilizando campos vetoriais. O controle é baseado nos três comportamentos que o robô assume: Search, quando o robô está procu- rando pelo objeto para ser transportado, Aquire, em que o robô deve navegar para uma posição específica de acordo com a posição do objeto e o destino do mesmo e Deliver, quando o robô propriamente empurra o objeto levando-o a mover-se para o destino. As tarefas são de cooperação fraca, ou seja, cada robô executa uma tarefa sozinho com o fim de contribuir para o objetivo final. Não há o compartilhamento de uma mesma tarefas.}
}

@InProceedings{Eoh2011,
  Title                    = {Multi-robot cooperative formation for overweight object transportation},
  Author                   = {Eoh, Gyuho and Jeon, Jae D and Choi, Jeong S and Lee, Beom H},
  Booktitle                = {System Integration (SII), 2011 IEEE/SICE International Symposium on},
  Year                     = {2011},
  Organization             = {IEEE},
  Pages                    = {726--731},

  __markedentry            = {[ramonmelo:2]},
  Owner                    = {transport - push - grasp},
  Review                   = {Transporte de objetos muito pesados por uma equipe de robos. O chamado "pusher-puller formation". Existem duas equipes, o pusher empurra o objeto por tras, enquanto a equipe puller, equipada com garras, puxa o objeto pela frente. Demonstra 3 possiveis formações para as posições dos robos: - 'straight line': os robos formam uma linha atras ou na frente do objeto - 'symmetrical formation': os robos ficam alinhados atras ou na frente do objeto, colados no objeto - 'pusher-puller': um robo é puller, outro pusher, um em frente ou outro atras}
}

@Article{Farinelli2004,
  Title                    = {Multirobot systems: a classification focused on coordination},
  Author                   = {Farinelli, Alessandro and Iocchi, Luca and Nardi, Daniele},
  Journal                  = {Systems, Man, and Cybernetics, Part B: Cybernetics, IEEE Transactions on},
  Year                     = {2004},
  Number                   = {5},
  Pages                    = {2015--2028},
  Volume                   = {34},

  Owner                    = {coordination},
  Publisher                = {IEEE}
}

@Conference{Fink2008,
  Title                    = {Multi-robot manipulation via caging in environments with obstacles},
  Author                   = {Fink, J. and Ani Hsieh, M. and Kumar, V.},
  Year                     = {2008},
  Pages                    = {1471-1476},

  __markedentry            = {[ramonmelo:2]},
  Art_number               = {4543409},
  Document_type            = {Conference Paper},
  Journal                  = {Proceedings - IEEE International Conference on Robotics and Automation},
  Owner                    = {transport - push - grasp - caging},
  Review                   = {Demonstra o tranporte cooperativo de objetos de forma descentralizada onde os robos circundam o objeto e o levam desviando de obstaculos. Objetos não são circulares. Apresenta pouca comunicação. Robos são holonomicos. Usa um navegador global para controlar todos os agentes. Utiliza funções potenciais artificiais. Executas tres ações: - Approach: os agentes se aproximam do objeto, enquanto desvia de obstaculos e outros robos; - Surround: os agentes circundam o objeto; - Transport: os agentes se movem, transportando o objeto para a posição final, desviando de obstaculos. Usa CAGING},
  Source                   = {Scopus},
  Url                      = {http://www.scopus.com/inward/record.url?eid=2-s2.0-51649114100&partnerID=40&md5=a6c7fe399091caf7e954e1ef39bad418}
}

@Misc{Foundation2014,
  Title                    = {Gazebo},

  Author                   = {Open Source Robotics Foundation},
  HowPublished             = {\url{http://gazebosim.org/}},
  Note                     = {Accessed May 23, 2014},
  Year                     = {2014}
}

@Misc{Foundation2014a,
  Title                    = {ROS},

  Author                   = {Open Source Robotics Foundation},
  HowPublished             = {\url{http://www.ros.org/}},
  Note                     = {Accessed May 23, 2014},
  Year                     = {2014}
}

@Article{Galindo2008,
  Title                    = {Robot task planning using semantic maps},
  Author                   = {Galindo, Cipriano and Fern{\'a}ndez-Madrigal, Juan-Antonio and Gonz{\'a}lez, Javier and Saffiotti, Alessandro},
  Journal                  = {Robotics and Autonomous Systems},
  Year                     = {2008},
  Number                   = {11},
  Pages                    = {955--966},
  Volume                   = {56},

  Owner                    = {mapping},
  Publisher                = {Elsevier}
}

@InProceedings{Garrido2006,
  Title                    = {Path planning for mobile robot navigation using voronoi diagram and fast marching},
  Author                   = {Garrido, Santiago and Moreno, Luis and Abderrahim, Mohamed and Martin, Fernando},
  Booktitle                = {Intelligent Robots and Systems, 2006 IEEE/RSJ International Conference on},
  Year                     = {2006},
  Organization             = {IEEE},
  Pages                    = {2376--2381},

  Owner                    = {path planning}
}

@Conference{Gerkey2002,
  Title                    = {Pusher-watcher: An approach to fault-tolerant tightly-coupled robot coordination},
  Author                   = {Gerkey, B.P. and Matarić, M.J.},
  Year                     = {2002},
  Pages                    = {464-469},
  Volume                   = {1},

  __markedentry            = {[ramonmelo:2]},
  Document_type            = {Conference Paper},
  Journal                  = {Proceedings - IEEE International Conference on Robotics and Automation},
  Owner                    = {transport - push},
  Review                   = {Another kind of coordination is based on the leader-follower approach. An example is the work presented in \cite{Gerkey2002}, which exemplifies this technique applying the task allocation algorithm MURDOC \cite{Gerkey2001}, in which an agent has the task of a \emph{watcher} that informs to the \emph{pusher} agents the velocities that should be impressed upon the object so that it reaches its destination. In this case, the leader does not directly participate in the transportation task.},
  Source                   = {Scopus},
  Url                      = {http://www.scopus.com/inward/record.url?eid=2-s2.0-0036060650&partnerID=40&md5=57345a39015dc9416b35a035c3b99051}
}

@Article{Gerkey2004,
  Title                    = {A formal analysis and taxonomy of task allocation in multi-robot systems},
  Author                   = {Gerkey, Brian P and Matari{\'c}, Maja J},
  Journal                  = {The International Journal of Robotics Research},
  Year                     = {2004},
  Number                   = {9},
  Pages                    = {939--954},
  Volume                   = {23},

  Publisher                = {SAGE Publications}
}

@InCollection{Gerkey2001,
  Title                    = {Principled communication for dynamic multi-robot task allocation},
  Author                   = {Gerkey, Brian P and Matari{\'c}, Maja J},
  Booktitle                = {Experimental Robotics VII},
  Publisher                = {Springer},
  Year                     = {2001},
  Pages                    = {353--362},

  Owner                    = {task allocation}
}

@InProceedings{Ghosh2012,
  Title                    = {Multi-robot cooperative box-pushing problem using multi-objective particle swarm optimization Technique},
  Author                   = {Ghosh, Arnab and Konar, Amit and Janarthanan, R},
  Booktitle                = {Information and Communication Technologies (WICT), 2012 World Congress on},
  Year                     = {2012},
  Organization             = {IEEE},
  Pages                    = {272--277},

  __markedentry            = {[ramonmelo:2]},
  Owner                    = {transport - push},
  Review                   = {Demonstra o transporte de objetos através da solução do problema de 'Multi-objective Particle Swarm Optimization', permitindo que o objeto seja transladado e rotacionado durante o transporte. Busca a minimização do tempo e energia gastos. Utiliza somente 2 robos iguais. Considerando que é desejavel minimizar o tempo e energia, que são dimensões conflitantes, o problema é resolvido através do algoritmo MOPSO, um algoritmo de otimização baseado no melhoramento de uma população de soluções que são guiadas por heuristicas.}
}

@InCollection{Goldsmith1998,
  Title                    = {Collective search by mobile robots using alpha-beta coordination},
  Author                   = {Goldsmith, Steven Y and Robinett III, Rush},
  Booktitle                = {Collective robotics},
  Publisher                = {Springer},
  Year                     = {1998},
  Pages                    = {135--146},

  Owner                    = {coordination}
}

@Article{Graf2004,
  Title                    = {Care-O-bot II - Development of a Next Generation Robotic Home Assistant},
  Author                   = {Graf, B. and Hans, M. and Schraft, R.D.},
  Journal                  = {Autonomous Robots},
  Year                     = {2004},
  Number                   = {2},
  Pages                    = {193-205},
  Volume                   = {16},

  Document_type            = {Article},
  Source                   = {Scopus},
  Url                      = {http://www.scopus.com/inward/record.url?eid=2-s2.0-1642635006&partnerID=40&md5=a5a55ecab8437e51b6167ebdb556a621}
}

@Article{Grocholsky2006,
  Title                    = {Cooperative air and ground surveillance},
  Author                   = {Grocholsky, B. and Keller, J. and Kumar, V. and Pappas, G.},
  Journal                  = {IEEE Robotics and Automation Magazine},
  Year                     = {2006},
  Number                   = {3},
  Pages                    = {16-26},
  Volume                   = {13},

  Document_type            = {Article},
  Owner                    = {coordination},
  Source                   = {Scopus},
  Url                      = {http://www.scopus.com/inward/record.url?eid=2-s2.0-34047191306&partnerID=40&md5=93af21ca8beaa8c8b4735c89a370a41d}
}

@Article{Guizzo2008,
  Title                    = {Three engineers, hundreds of robots, one warehouse},
  Author                   = {Guizzo, Eric},
  Journal                  = {IEEE spectrum},
  Year                     = {2008},
  Number                   = {45},
  Pages                    = {26--34},
  Volume                   = {7},

  Owner                    = {transport - push}
}

@InProceedings{Hagberg2008,
  Title                    = {Exploring network structure, dynamics, and function using {NetworkX}},
  Author                   = {Aric A. Hagberg and Daniel A. Schult and Pieter J. Swart},
  Booktitle                = {Proceedings of the 7th Python in Science Conference (SciPy2008)},
  Year                     = {2008},

  Address                  = {Pasadena, CA USA},
  Month                    = Aug,
  Pages                    = {11--15},

  Editors                  = {G\"{a}el Varoquaux, Travis Vaught, and Jarrod Millman},
  Urlpdf                   = {http://math.lanl.gov/~hagberg/Papers/hagberg-2008-exploring.pdf}
}

@InProceedings{Harmo2005,
  Title                    = {Needs and solutions-home automation and service robots for the elderly and disabled},
  Author                   = {Harmo, Panu and Taipalus, Tapio and Knuuttila, Jere and Vallet, Jos{\'e} and Halme, Aarne},
  Booktitle                = {Intelligent Robots and Systems, 2005.(IROS 2005). 2005 IEEE/RSJ International Conference on},
  Year                     = {2005},
  Organization             = {IEEE},
  Pages                    = {3201--3206}
}

@Article{Hart1968,
  Title                    = {A formal basis for the heuristic determination of minimum cost paths},
  Author                   = {Hart, Peter E and Nilsson, Nils J and Raphael, Bertram},
  Journal                  = {Systems Science and Cybernetics, IEEE Transactions on},
  Year                     = {1968},
  Number                   = {2},
  Pages                    = {100--107},
  Volume                   = {4},

  Publisher                = {IEEE}
}

@InProceedings{Hekmatfar2014,
  Title                    = {Cooperative object transportation by multiple mobile manipulators through a hierarchical planning architecture},
  Author                   = {Hekmatfar, Taher and Masehian, Ellips and Mousavi, Seyed Javad},
  Booktitle                = {Robotics and Mechatronics (ICRoM), 2014 Second RSI/ISM International Conference on},
  Year                     = {2014},
  Organization             = {IEEE},
  Pages                    = {503--508},

  __markedentry            = {[ramonmelo:3]},
  Owner                    = {transport - grasp},
  Review                   = {Apresenta o transporte cooperativo de objetos usando multiplos manipuladores moveis baseado em um sistema de controle em camadas centralizado-descentralizado. na camada superior (centralizada) é planejado o trajeto que o objeto a ser transportado deve realizar, baseado em um metodo baseado em amostras nomeado 'optimally-connected random tree', e este plano não considera o desvio de obstáculos para os agentes. na camada inferior (descentralizada), os agentes desviam dos obstaculos utilizando informações locais, de modo a se coordenar para chegar até o objeto, segurá-lo e transporta-lo ate a posição final desejada. A etapa de planejamento centralizada é realizada pelo chamado 'supervisor', que possui informações sobre as posições inicial e final do objeto, bem como da disposição dos objetos dentro do ambiente de trabalho.}
}

@InProceedings{Huang2004,
  Title                    = {Dynamic visibility graph for path planning},
  Author                   = {Huang, Han-Pang and Chung, Shu-Yun},
  Booktitle                = {Intelligent Robots and Systems, 2004.(IROS 2004). Proceedings. 2004 IEEE/RSJ International Conference on},
  Year                     = {2004},
  Organization             = {IEEE},
  Pages                    = {2813--2818},
  Volume                   = {3},

  Owner                    = {path planning}
}

@Article{Inoue2011,
  Title                    = {Realization of a multiple object rearrangement task with two multi-task functional robots},
  Author                   = {Inoue, R. and Fujii, N. and Takano, R. and Ota, J.},
  Journal                  = {Advanced Robotics},
  Year                     = {2011},
  Number                   = {11},
  Pages                    = {1365-1383},
  Volume                   = {25},

  Document_type            = {Article},
  Doi                      = {10.1163/016918611X579420},
  Owner                    = {transport},
  Review                   = {A rearrangement task of multiple objects is discussed here. In this paper, robots that carry more than one object simultaneously are referred to as multi-task functional, whereas a standard single-task robot carries one object at a time. With multi-task functional robots, the total length of transfer paths is shortened and the processing time is reduced. We propose a planning algorithm that consists of simulated annealing and a scheduling method using prioritization rules for a group of multi-task functional robots. We also propose a planning methodology on synchronization timing between the robots. Experiments involving two robots were conducted in real and simulated environments to show the effectiveness of the proposed algorithms. © 2011 Koninklijke Brill NV, Leiden.},
  Source                   = {Scopus}
}

@Conference{Inoue2008,
  Title                    = {Rearrangement of multiple objects by a robot group having a multi-task function},
  Author                   = {Inoue, R. and Fujii, N. and Takano, R. and Ota, J.},
  Year                     = {2008},
  Pages                    = {2013-2018},

  Art_number               = {4913310},
  Document_type            = {Conference Paper},
  Doi                      = {10.1109/ROBIO.2009.4913310},
  Journal                  = {2008 IEEE International Conference on Robotics and Biomimetics, ROBIO 2008},
  Owner                    = {task allocation},
  Source                   = {Scopus}
}

@Article{Jaillet2010,
  Title                    = {Sampling-based path planning on configuration-space costmaps},
  Author                   = {Jaillet, L. and Cortés, J. and Siméon, T.},
  Journal                  = {IEEE Transactions on Robotics},
  Year                     = {2010},
  Number                   = {4},
  Pages                    = {635-646},
  Volume                   = {26},

  Art_number               = {5477164},
  Document_type            = {Article},
  Owner                    = {path planning},
  Source                   = {Scopus},
  Url                      = {http://www.scopus.com/inward/record.url?eid=2-s2.0-77955577780&partnerID=40&md5=26c9bf143624e98a71117106860fbdcf}
}

@InProceedings{Jia2011a,
  Title                    = {Mobile robot Bayesian map building based on laser ranging and stereovision},
  Author                   = {Jia, Songmin and Cui, Wei and Li, Xiuzhi and Fan, Jinhui and Sheng, Jinbo},
  Booktitle                = {Computer Science and Automation Engineering (CSAE), 2011 IEEE International Conference on},
  Year                     = {2011},
  Organization             = {IEEE},
  Pages                    = {308--312},
  Volume                   = {3},

  Owner                    = {mapping}
}

@InProceedings{Jia2011,
  Title                    = {Mobile robot 3D map building based on laser ranging and stereovision},
  Author                   = {Jia, Songmin and Cui, Wei and Li, Xiuzhi and Shen, Hongmin and Sheng, Jinbo},
  Booktitle                = {Mechatronics and Automation (ICMA), 2011 International Conference on},
  Year                     = {2011},
  Organization             = {IEEE},
  Pages                    = {1774--1779},

  Owner                    = {mapping}
}

@Article{Jiang2013,
  Title                    = {The inverse kinematics of cooperative transport with multiple aerial robots},
  Author                   = {Jiang, Qimi and Kumar, Vipin},
  Journal                  = {Robotics, IEEE Transactions on},
  Year                     = {2013},
  Number                   = {1},
  Pages                    = {136--145},
  Volume                   = {29},

  __markedentry            = {[ramonmelo:3]},
  Owner                    = {transport - grasp},
  Publisher                = {IEEE},
  Review                   = {Trabalho tem foco na cinemática do transporte cooperativo de cargas por agente aereos erguidos com o uso de cabos. Estuda como determinar as posições dos agentes para atingir uma pose determinada para o objeto sendo transportado. Apresenta um algoritmo analitico baseado na técnica de eliminação dialítica ('dialytic elimination') para gerar um conjunto de soluções finitas para o sistema de cinemática inversa do problema em questão, que em outros casos, seria um conjunto infinito, considerando que são mais de 2 agentes presentes. É demonstrado o conceito de 'tension workspace', que determina um conjunto de tensões permitidas para o transporte, o que acarreta no conjunto de soluções válidas para o problema. O planejador de cinemática inversa considera as equações de equilibrio estático. O caso de estudo utiliza um triangulo equilatero para realizar dos calculos.}
}

@Article{Khatib1986,
  Title                    = {REAL-TIME OBSTACLE AVOIDANCE FOR MANIPULATORS AND MOBILE ROBOTS.},
  Author                   = {Khatib, Oussama},
  Journal                  = {International Journal of Robotics Research},
  Year                     = {1986},
  Number                   = {1},
  Pages                    = {90-98},
  Volume                   = {5},

  Document_type            = {Article},
  Owner                    = {path planning},
  Source                   = {Scopus},
  Url                      = {http://www.scopus.com/inward/record.url?eid=2-s2.0-0022674420&partnerID=40&md5=bd16175d960f9f607cd88aeff590baf7}
}

@Conference{Kim2013,
  Title                    = {Aerial manipulation using a quadrotor with a two DOF robotic arm},
  Author                   = {Kim, S. and Choi, S. and Kim, H.J.},
  Year                     = {2013},
  Pages                    = {4990-4995},

  __markedentry            = {[ramonmelo:3]},
  Art_number               = {6697077},
  Document_type            = {Conference Paper},
  Journal                  = {IEEE International Conference on Intelligent Robots and Systems},
  Owner                    = {transport - grasp},
  Review                   = {Mostra a manipulação e transporte de objetos utilizando um veículo aéreo autônomo munido de uma braço robótico com 2 graus de liberdade. Apresenta o modelo cinemático e dinamico do sistema completo, que considera os graus de liberdado tanto do drone quanto do braço robótico, de forma unificada, além de apresentar um controlador chamado de 'sliding mode', que é incorporado no sistema e consegue adaptar o mesmo de acordo com a presença de erros nos calculos mecânico, ruido ou mesmo problemas relacionado ao uso excessivo da bateria. Experimentos demonstrando que o robo é capaz de pegar e entregar um objeto são demonstrando.},
  Source                   = {Scopus},
  Url                      = {http://www.scopus.com/inward/record.url?eid=2-s2.0-84893801962&partnerID=40&md5=e93280eb833843b4d856adf80bcb0ff2}
}

@InProceedings{Konolige2000,
  Title                    = {A gradient method for realtime robot control},
  Author                   = {Konolige, Kurt},
  Booktitle                = {Intelligent Robots and Systems, 2000.(IROS 2000). Proceedings. 2000 IEEE/RSJ International Conference on},
  Year                     = {2000},
  Organization             = {IEEE},
  Pages                    = {639--646},
  Volume                   = {1},

  Owner                    = {path planning}
}

@Conference{Kormushev2010,
  Title                    = {Robot motor skill coordination with EM-based reinforcement learning},
  Author                   = {Kormushev, P. and Calinon, S. and Caldwell, D.G.},
  Year                     = {2010},
  Pages                    = {3232-3237},

  Art_number               = {5649089},
  Document_type            = {Conference Paper},
  Journal                  = {IEEE/RSJ 2010 International Conference on Intelligent Robots and Systems, IROS 2010 - Conference Proceedings},
  Source                   = {Scopus},
  Url                      = {http://www.scopus.com/inward/record.url?eid=2-s2.0-78651490434&partnerID=40&md5=f601848372bf9139403b527f1c9e9e23}
}

@Article{Kruskal1956,
  Title                    = {On the shortest spanning subtree of a graph and the traveling salesman problem},
  Author                   = {Kruskal, Joseph B},
  Journal                  = {Proceedings of the American Mathematical society},
  Year                     = {1956},
  Number                   = {1},
  Pages                    = {48--50},
  Volume                   = {7},

  Publisher                = {JSTOR}
}

@Article{Kube2000,
  Title                    = {Cooperative transport by ants and robots},
  Author                   = {Kube, C Ronald and Bonabeau, Eric},
  Journal                  = {Robotics and autonomous systems},
  Year                     = {2000},
  Number                   = {1},
  Pages                    = {85--101},
  Volume                   = {30},

  Owner                    = {coordination},
  Publisher                = {Elsevier}
}

@InProceedings{Kulatunga2006,
  Title                    = {Ant colony optimization based simultaneous task allocation and path planning of autonomous vehicles},
  Author                   = {Kulatunga, AK and Liu, DK and Dissanayake, Gamini and Siyambalapitiya, SB},
  Booktitle                = {Cybernetics and Intelligent Systems, 2006 IEEE Conference on},
  Year                     = {2006},
  Note                     = {task allocation},
  Organization             = {IEEE},
  Pages                    = {1--6},

  Owner                    = {coordination}
}

@Book{Latombe1991,
  Title                    = {Robot Motion Planning: Edition en anglais},
  Author                   = {Jean-Claude Latombe},
  Publisher                = {Springer},
  Year                     = {1991},
  Series                   = {The Springer International Series in Engineering and Computer Science},

  ISBN                     = {9780792391296},
  Lccn                     = {90049962},
  Owner                    = {path planning},
  Url                      = {http://books.google.co.uk/books?id=Mbo\_p4-46-cC}
}

@Book{LaValle2006,
  Title                    = {Planning algorithms},
  Author                   = {LaValle, Steven M},
  Publisher                = {Cambridge university press},
  Year                     = {2006}
}

@Article{LaValle1998,
  Title                    = {Rapidly-Exploring Random Trees A New Tool for Path Planning},
  Author                   = {LaValle, Steven M},
  Year                     = {1998},

  Owner                    = {path planning}
}

@Article{Lehman2008,
  Title                    = {Surgery with cooperative robots},
  Author                   = {Lehman, A.C. and Berg, K.A. and Dumpert, J. and Wood, N.A. and Visty, A.Q. and Rentschler, M.E. and Platt, S.R. and Farritor, S.M. and Oleynikov, D.},
  Journal                  = {Computer Aided Surgery},
  Year                     = {2008},
  Number                   = {2},
  Pages                    = {95-105},
  Volume                   = {13},

  Document_type            = {Article},
  Source                   = {Scopus},
  Url                      = {http://www.scopus.com/inward/record.url?eid=2-s2.0-40149099164&partnerID=40&md5=7606cc0c37da9a957c1a49f4848d5fc0}
}

@Conference{Li2013,
  Title                    = {A multi-objective path planning method for electric taxis with energy-constrained},
  Author                   = {Li, J. and Liu, Z. and Yang, F.},
  Year                     = {2013},
  Pages                    = {1750-1755},

  Document_type            = {Conference Paper},
  Journal                  = {ICTIS 2013: Improving Multimodal Transportation Systems - Information, Safety, and Integration - Proceedings of the 2nd International Conference on Transportation Information and Safety},
  Owner                    = {transport},
  Review                   = {Mostra como utilizar uma função de custo para realizar o planejamento de caminhos restrito à quantidade de energia ainda presente em um veículo elétrico. Demonstra a criação de um mapa de alcance baseado na energia remanescente e na localização de postos de carregamento.},
  Source                   = {Scopus},
  Url                      = {http://www.scopus.com/inward/record.url?eid=2-s2.0-84887398964&partnerID=40&md5=498ac4dbc8bcf9eee53e08cf992f5935}
}

@Article{Lindsey2012,
  Title                    = {Construction with quadrotor teams},
  Author                   = {Lindsey, Quentin and Mellinger, Daniel and Kumar, Vijay},
  Journal                  = {Autonomous Robots},
  Year                     = {2012},
  Number                   = {3},
  Pages                    = {323--336},
  Volume                   = {33},

  __markedentry            = {[ramonmelo:3]},
  Owner                    = {transport - grasp - construction},
  Publisher                = {Springer}
}

@Article{Lindsey2011,
  Title                    = {Construction of cubic structures with quadrotor teams},
  Author                   = {Lindsey, Quentin and Mellinger, Daniel and Kumar, Vijay},
  Journal                  = {Proc. Robotics: Science \& Systems VII},
  Year                     = {2011},

  __markedentry            = {[ramonmelo:3]},
  Owner                    = {transport - grasp - construction},
  Review                   = {Demonstra a construção de estruturas do chamado modelo 'Special Cubic Structures (SCS)', que são estruturas formadas por elementos como barras e conectores munidos de imas. A manipulação destes items é feita com a utilização de quadrotores possuindo garras, estes são capazes de segurar, transportar e montar as estruturas nas posições necessárias para a construção. São apresentadas a metodologia e algoritmos desenvolvidos para realização de transporte cooperativo e consequente construção da estrutura. \cite{Lindsey2012} igual}
}

@InProceedings{Luo2013,
  Title                    = {Distributed algorithm design for multi-robot generalized task assignment problem},
  Author                   = {Luo, Lingzhi and Chakraborty, Nilanjan and Sycara, Katia},
  Booktitle                = {Intelligent Robots and Systems (IROS), 2013 IEEE/RSJ International Conference on},
  Year                     = {2013},
  Organization             = {IEEE},
  Pages                    = {4765--4771},

  Owner                    = {coordination}
}

@Book{Lynch1996,
  Title                    = {Nonprehensile robotic manipulation: controllability and planning},
  Author                   = {Lynch, Kevin M},
  Publisher                = {Carnegie Mellon University},
  Year                     = {1996}
}

@InProceedings{Machado2013,
  Title                    = {Transportation of long objects in unknown cluttered environments by a team of robots: A dynamical systems approach},
  Author                   = {Machado, Toni and Malheiro, Tiago and Monteiro, Sergio and Bicho, Estela and Erlhagen, Wolfram},
  Booktitle                = {Industrial Electronics (ISIE), 2013 IEEE International Symposium on},
  Year                     = {2013},
  Organization             = {IEEE},
  Pages                    = {1--6},

  __markedentry            = {[ramonmelo:3]},
  Owner                    = {transport - grasp},
  Review                   = {Demonstra uma técnica descentralizada para o transporte de objetos longos usando uma equipe de dois agentes. Desenvolvem o transporte em um ambiente desconhecido desviando de obstáculos estáticos e dinamicos. O sistema é baseado no sistema de leader-follower, onde o lider transporta o objeto para a posição destino e o agente 'helper' tenta alinhar o objeto com a trajetória aplicada pelo lider, de modo que a comunicação entre os agentes é minima para esta aplicação.}
}

@InProceedings{Magariyama2014,
  Title                    = {Estimation of a feasible dynamic caging zone for multirobot object transportation},
  Author                   = {Magariyama, Sho and Matsumoto, Hirokazu and Ruiz, Luis and Wang, Zhidong},
  Booktitle                = {Cyber Technology in Automation, Control, and Intelligent Systems (CYBER), 2014 IEEE 4th Annual International Conference on},
  Year                     = {2014},
  Organization             = {IEEE},
  Pages                    = {508--514},

  __markedentry            = {[ramonmelo:2]},
  Owner                    = {transport - push - grasp},
  Review                   = {Usa GRASP Demonstra a criação do chamado Feasible Dynamic Caging Zone ao redor de um objeto a ser transportado. Utilizando a esta técnica, o uso do transporte por caging é aprimorado adicionando um ambiente dinâmico ao transporte. Como em casos onde os robos devem se mover para desviar de obstaculos ou desviar o objeto de uma colisão.}
}

@InProceedings{Maghsoud2014,
  Title                    = {Autonomous and cooperative multirobot system for multi-object transportation},
  Author                   = {Maghsoud, Pegah and De Silva, Clarence W and Khan, Mohammad Taha},
  Booktitle                = {Computer Science \& Education (ICCSE), 2014 9th International Conference on},
  Year                     = {2014},
  Organization             = {IEEE},
  Pages                    = {211--217},

  __markedentry            = {[ramonmelo:2]},
  Owner                    = {transport - push},
  Review                   = {Transporte cooperativo baseado no 'artificial immune system' (AIS), sistema de imunidade humano. Time de agentes heterogêneo, cada um possuindo um conjunto unico de capacidades. Sistema totalmente distribuído. O sistema de alocação permite a execução de mais de uma tarefa ao mesmo tempo. Tarefas são objetos heterogeneos que são adicionados ao sistema de forma randomica, em tempos desconhecidos. A alocação das tarefas é feita de forma online, na forma de que, se um agente foi alocado para uma tarefa, o mesmo não pode ser realocado. O sistema é executado em um ambiente desconhecido, dinamico e não estruturado. Usando a anologia para o sistema de imunidade, certos objetos necessitam de certas capacidades para serem transportados, desta maneira, é feito uma correspondencia entre robos e objetos para assim realizar a alocação dentre os agentes.}
}

@InProceedings{Mataric1995,
  Title                    = {Cooperative multi-robot box-pushing},
  Author                   = {Matari{\'c}, Maja J and Nilsson, Martin and Simsarin, Kristian T},
  Booktitle                = {Intelligent Robots and Systems 95.'Human Robot Interaction and Cooperative Robots', Proceedings. 1995 IEEE/RSJ International Conference on},
  Year                     = {1995},
  Organization             = {IEEE},
  Pages                    = {556--561},
  Volume                   = {3},

  __markedentry            = {[ramonmelo:5]},
  Owner                    = {transport - push},
  Review                   = {Descreve o problema box-pushing: Dado um ambiente formado por itens poligonais rígidos, encontrar um caminho contínuo livre de obstáculos levando um objeto de uma configuração de origem para outra configuração desejada utilizando somente ações de push para mover o mesmo. Como demonstrado em Reif 1979, este é um problema PSACE-hard, o que implica em ser NP-hard}
}

@Article{Maza2010,
  Title                    = {Multi-UAV cooperation and control for load transportation and deployment},
  Author                   = {Maza, Ivan and Kondak, Konstantin and Bernard, Markus and Ollero, An{\'\i}bal},
  Journal                  = {Journal of Intelligent and Robotic Systems},
  Year                     = {2010},
  Number                   = {1-4},
  Pages                    = {417--449},
  Volume                   = {57},

  __markedentry            = {[ramonmelo:3]},
  Owner                    = {transport - grasp},
  Publisher                = {Springer},
  Review                   = {É apresentada uma arquitetura para realização de missoes utilizando uma equipe de drones. A interação entre os membros da equipe não esta limitada à troca de informações, mas também a cooperação para o tranporte em conjunto de um unico objeto, desta maneira, apresenta um sistema de controle para a coordenação de um time de helicopteros para a tarefa de transporte. Além disso, demonstra que os agentes podem ser utilizados para a entrega de peguenos objetos, como sensores ou dispositivos de conectividade.}
}

@Article{Melo2015,
  Title                    = {Multi-object Transportation using a Mobile Robot},
  Author                   = {Ramon S. Melo and Douglas G. Macharet and Mario F. M. Campos},
  Journal                  = {LARS 2015 12th Latin American Robotics Symposium},
  Year                     = {2015}
}

@Conference{Mericli2013,
  Title                    = {Achievable push-manipulation for complex passive mobile objects using past experience},
  Author                   = {Meriçli, T. and Veloso, M. and Akin, H.L.},
  Year                     = {2013},
  Pages                    = {71-78},
  Volume                   = {1},

  __markedentry            = {[ramonmelo:2]},
  Document_type            = {Conference Paper},
  Journal                  = {12th International Conference on Autonomous Agents and Multiagent Systems 2013, AAMAS 2013},
  Owner                    = {transport - push},
  Review                   = {Demonstra a utilização de aprendizado de maquina para criar um planejador de transporte de objetos que possuam rodas 'caster', ou seja, que deslizam ao serem empurrados. Desta maneira, alimenta o planejador com varias experiencias de transporte, de modo a transportar o objeto da melhor forma para o local de destino. O planejador criar uma sequencia de ações a serem executadas no objeto baseado nas experiencias encontradas no planejador. Apresenta um algoritmo para planejamento de caminhos durante o transporte de objetos que não são influenciados por uma grande fricção do terreno, no caso de objetos com \emph{caster wheels}. Para tanto, aplica um planejador baseado no algoritmo RRT com uso de sequências de estado-ação já memorizadas durante uma etapa de treinamento. Deste modo, cria um plano de execução que seja factível, além de considerar obstáculos e as dimensões dos objetos e robôs em questão. Apesar de ser um plano factível, divergências entre o mesmo e a execução podem ocorrer, neste momento, um novo plano é criado para atender ao objetivo.},
  Source                   = {Scopus},
  Url                      = {http://www.scopus.com/inward/record.url?eid=2-s2.0-84899441448&partnerID=40&md5=9c7d6c2e2f8fb974cb732a42b9cd208f}
}

@Article{Michael2011,
  Title                    = {Cooperative manipulation and transportation with aerial robots},
  Author                   = {Michael, Nathan and Fink, Jonathan and Kumar, Vijay},
  Journal                  = {Autonomous Robots},
  Year                     = {2011},
  Number                   = {1},
  Pages                    = {73--86},
  Volume                   = {30},

  __markedentry            = {[ramonmelo:3]},
  Owner                    = {transport - grasp},
  Publisher                = {Springer},
  Review                   = {Demonstra o controle de um time de robos aereos para o transporte de uma carga presa através de cabos aos agentes. O controle é capaz de mensurar o equilibrio estátido do objeto além de respeitar as restrições impostas tanto pelos agentes quanto pela tensão exercida nos cabos. O sistema proposto tem foco no controle de tres agentes aereos, onde é estudado o planejamento de movimentos dos mesmo baseado em um conjunto de posições criadas dada a posição desejada do objeto.}
}

@Article{Miyata2002,
  Title                    = {Cooperative transport by multiple mobile robots in unknown static environments associated with real-time task assignment},
  Author                   = {Miyata, N. and Ota, J. and Arai, T. and Asama, H.},
  Journal                  = {IEEE Transactions on Robotics and Automation},
  Year                     = {2002},
  Number                   = {5},
  Pages                    = {769-780},
  Volume                   = {18},

  Document_type            = {Article},
  Owner                    = {task allocation},
  Review                   = {The authors of \cite{Miyata2002} present a technique using the concept of \emph{task instance}, which is characterized by the work a single agent must execute in a period of time. In transportation, it is possible to define task instances with actions like search, removal of obstacles and object movement.},
  Source                   = {Scopus},
  Url                      = {http://www.scopus.com/inward/record.url?eid=2-s2.0-0036817712&partnerID=40&md5=0de8c804c384df2720a69180bac35317}
}

@Conference{Montemayor2005,
  Title                    = {Decentralized collaborative load transport by multiple robots},
  Author                   = {Montemayor, G. and Wen, J.T.},
  Year                     = {2005},
  Pages                    = {372-377},
  Volume                   = {2005},

  __markedentry            = {[ramonmelo:3]},
  Art_number               = {1570147},
  Document_type            = {Conference Paper},
  Journal                  = {Proceedings - IEEE International Conference on Robotics and Automation},
  Owner                    = {transport - grasp},
  Review                   = {Considera um metodo de controle de movimento e força descentralizado onde os agentes participantes da manipulação do objeto não compartilham qualquer tipo de informação. Extende o sistema de controle de força e movimentação demonstrado em \cite{Wen1992} para o caso descentralizado.},
  Source                   = {Scopus},
  Url                      = {http://www.scopus.com/inward/record.url?eid=2-s2.0-33846123351&partnerID=40&md5=1ab81dddc7837855ce059ffb5aa65644}
}

@InProceedings{Moravec1985,
  Title                    = {High resolution maps from wide angle sonar},
  Author                   = {Moravec, Hans P and Elfes, Alberto},
  Booktitle                = {Robotics and Automation. Proceedings. 1985 IEEE International Conference on},
  Year                     = {1985},
  Organization             = {IEEE},
  Pages                    = {116--121},
  Volume                   = {2},

  Owner                    = {mapping}
}

@Article{Munkres1957,
  Title                    = {Algorithms for the assignment and transportation problems},
  Author                   = {Munkres, James},
  Journal                  = {Journal of the Society for Industrial and Applied Mathematics},
  Year                     = {1957},
  Number                   = {1},
  Pages                    = {32--38},
  Volume                   = {5},

  Publisher                = {SIAM}
}

@Article{Murphy2004,
  Title                    = {Human-robot interaction in rescue robotics},
  Author                   = {Murphy, R.R.},
  Journal                  = {IEEE Transactions on Systems, Man and Cybernetics Part C: Applications and Reviews},
  Year                     = {2004},
  Number                   = {2},
  Pages                    = {138-153},
  Volume                   = {34},

  Document_type            = {Article},
  Owner                    = {human interaction},
  Source                   = {Scopus},
  Url                      = {http://www.scopus.com/inward/record.url?eid=2-s2.0-2442464861&partnerID=40&md5=9d26be4228dadcc8ff9d198e41fc392a}
}

@Article{Murphy2009,
  Title                    = {Mobile robots in mine rescue and recovery},
  Author                   = {Murphy, R.R. and Kravitz, J. and Stover, S.L. and Shoureshi, R.},
  Journal                  = {IEEE Robotics and Automation Magazine},
  Year                     = {2009},
  Number                   = {2},
  Pages                    = {91-103},
  Volume                   = {16},

  Document_type            = {Article},
  Source                   = {Scopus},
  Url                      = {http://www.scopus.com/inward/record.url?eid=2-s2.0-67649580542&partnerID=40&md5=467aae4ca62a26dbfa4b8cb2b3fe100a}
}

@Book{Murray1994,
  Title                    = {A mathematical introduction to robotic manipulation},
  Author                   = {Murray, Richard M and Li, Zexiang and Sastry, S Shankar and Sastry, S Shankara},
  Publisher                = {CRC press},
  Year                     = {1994}
}

@InProceedings{Nagai2011,
  Title                    = {Three-dimensional obstacle avoidance online path-planning method for autonomous mobile overhead crane},
  Author                   = {Nagai, Shunsuke and Kaneshige, Akihiro and Ueki, Satoshi},
  Booktitle                = {Mechatronics and Automation (ICMA), 2011 International Conference on},
  Year                     = {2011},
  Organization             = {IEEE},
  Pages                    = {1497--1502},

  __markedentry            = {[ramonmelo:3]},
  Owner                    = {transport - grasp},
  Review                   = {Demonstra como realizar o transporte de objetos utilizando um grua com 3 graus de liberdade realizando um planejamento de caminhos \emph{online} baseado em um mapa do ambiente, porém faz uso de sensores ultrassom para detectar mudanças no cenário durante o transporte.}
}

@InProceedings{Neumann2014,
  Title                    = {Object Manipulation through Explicit Force Control Using Cooperative Mobile Multi-Robot Systems},
  Author                   = {Neumann, Michael A and Chin, Matthew H and Kitts, Christopher A},
  Booktitle                = {Proceedings of the World Congress on Engineering and Computer Science},
  Year                     = {2014},
  Volume                   = {1},

  __markedentry            = {[ramonmelo:2]},
  Owner                    = {transport - push},
  Review                   = {Apresenta uma tecnica para controle de uma equipe de agentes para o transporte. Mostra a tecnica de 'cluster space control' na qual os agentes mantem uma formaçao relativa entre a equipe e o objeto sendo transportado. Alem de controle explicito da força aplicada no objeto, de modo que o mesmo seja transportado, tratando os robos como diferentes atuadores, e nao como um unico objeto, como normalmente sao tratados. Demonstra que normalmente o transporte e feito baseado somente na cinematica tantos dos robos quanto dos objetos, porem nao eh tratado em vista das forças aplicadas durantes o transporte. O controle de força com feedback pode ser util quando as forças aplicadas podem se tornar perigosas, demonstram resposta rapida quando ha mudanças no ambiente.}
}

@Article{Nuechter2008,
  Title                    = {Towards semantic maps for mobile robots },
  Author                   = {Andreas Nüchter and Joachim Hertzberg},
  Journal                  = {Robotics and Autonomous Systems },
  Year                     = {2008},
  Note                     = {Semantic Knowledge in Robotics },
  Number                   = {11},
  Pages                    = {915 - 926},
  Volume                   = {56},

  Doi                      = {http://dx.doi.org/10.1016/j.robot.2008.08.001},
  ISSN                     = {0921-8890},
  Keywords                 = {3D mapping},
  Owner                    = {mapping},
  Url                      = {http://www.sciencedirect.com/science/article/pii/S0921889008001127}
}

@InProceedings{Ollero2012,
  Title                    = {Aerial robotics cooperative assembly system (ARCAS): first results},
  Author                   = {Ollero, A},
  Booktitle                = {Aerial Physically Acting Robots (AIRPHARO) Workshop, IROS},
  Year                     = {2012},

  __markedentry            = {[ramonmelo:3]},
  Owner                    = {transport - grasp}
}

@Article{Orsag2013,
  Title                    = {Modeling and control of MM-UAV: Mobile manipulating unmanned aerial vehicle},
  Author                   = {Orsag, Matko and Korpela, Christopher and Oh, Paul},
  Journal                  = {Journal of Intelligent \& Robotic Systems},
  Year                     = {2013},
  Number                   = {1-4},
  Pages                    = {227--240},
  Volume                   = {69},

  __markedentry            = {[ramonmelo:3]},
  Owner                    = {transport - grasp},
  Publisher                = {Springer},
  Review                   = {Demonstra a utilização de quadrotor equipado com um manipulador movel para realização do transporte de objetos. Foi desenvolvido um modelo dinamico e cinematico para o agente de modo a considerar de forma fortemente acoplada o controle tanto da pose do quadrotor quando da posição do manipulador. Na qual a pose do 'end-effector' do manipulador é uma combinação entre os 6 graus de liberdade do drone e os 2 graus de liberdade do braço mecanico.}
}

@InCollection{Parra-Gonzalez2008,
  Title                    = {Motion planning for cooperative multi-robot box-pushing problem},
  Author                   = {Parra-Gonz{\'a}lez, Ezra Federico and Ram{\'\i}rez-Torres, Gabriel and Toscano-Pulido, Gregorio},
  Booktitle                = {Advances in Artificial Intelligence--IBERAMIA 2008},
  Publisher                = {Springer},
  Year                     = {2008},
  Pages                    = {382--391},

  __markedentry            = {[ramonmelo:2]},
  Owner                    = {transport - push},
  Review                   = {Utiliza wavefront para realizar o planejamento. Estuda quais pontos são necessários para transportar o objeto em uma determinada direção, baseado que o planejamento já foi previamente calculado.}
}

@Article{Parra-Gonzalez2011,
  Title                    = {Object Path Planner for the Box Pushing Problem},
  Author                   = {Parra-Gonzalez, Ezra Federico and Ram{\i}rez-Torres, Jos{\'e} Gabriel},
  Journal                  = {Multi-Robot Systems, Trends and Development, T. Yasuda, Editor},
  Year                     = {2011},
  Pages                    = {291--306},

  __markedentry            = {[ramonmelo:2]},
  Owner                    = {transport - push},
  Review                   = {Descreve a criação de um planejador focado no movimento dos objetos a serem transportados baseado no algorito Wavefront \cite{LaValle2006}, de modo que plano seja factível e que o reajando ou re-organização dos agentes durante o transporte seja mínimo. Calcula uma representação discreta do espaço de configuração Aplica a tecnica 'Bounding Boxes' \cite{Cohen1995} para determinar se é necessário realizar o teste de colisão ou não. Considerando que para criar o espaço de configuração C-Space, existe um relação entre o tempo necessário para computar os dados e a precisão do mapa criado. Demonstra 3 Heuristicas de planejamento: - Uma que considera diminuir a quantidade de mudanças na direção de movimentação do objeto - Uma que valoriza certas rotaçoes do objeto, pois eh mais facil de serem empurradas pelos robos - Uma baseada em grafos, pois pertimite que mais de uma rota seja avaliada ao mesmo tempo. Cada no no grafo representa uma mudança de direçao. A melhor rota eh aquela com a menor quantidade de nos - Para comparar, é criada uma versão alternativa do A*, no qual substitui a função de acumulação de custo de movimentação, por um custo de troca de direção, o que faz com o que o caminho seja mais longo, mas necessite de menos trocas de direção de movimento Muito parecido com meu trabalho}
}

@InProceedings{Parra-Gonzalez2012,
  Title                    = {Grasp quality for the object transportation by communities of mobile robots},
  Author                   = {Parra-Gonzalez, Ezra Federico and Ramirez-Torres, Jose Gabriel},
  Booktitle                = {Electrical Engineering, Computing Science and Automatic Control (CCE), 2012 9th International Conference on},
  Year                     = {2012},
  Organization             = {IEEE},
  Pages                    = {1--6},

  __markedentry            = {[ramonmelo:2]},
  Owner                    = {transport - push - grasp},
  Review                   = {Demonstra o problema de transporte de objetos usando tecnicas de pushing para robos que conseguem agarrar o objeto. Duas fases são aplicadas para resolver o problema de transporte: - Planejamento do caminhos para os objetos a serem transportados - Realizar o planejamento do caminhos para os robos, procurando diminuir a quantidade de manobrar que devem realizar O trabalho tem foco na melhoria da qualidade na escolha dos pontos de contato com entre os agentes e o objeto, melhorando, em consequencia, a qualidade do transporte.}
}

@Article{Pereira2004,
  Title                    = {Decentralized algorithms for multi-robot manipulation via caging},
  Author                   = {Pereira, G.A.S. and Campos, M.F.M. and Kumar, V.},
  Journal                  = {International Journal of Robotics Research},
  Year                     = {2004},
  Number                   = {7-8},
  Pages                    = {783-795},
  Volume                   = {23},

  __markedentry            = {[ramonmelo:2]},
  Document_type            = {Conference Paper},
  Owner                    = {transport - push - grasp - caging},
  Review                   = {Demonstra o transporte de objetos utilizando a forma de Object Closure. Controle descentralizado. Ambiente não possui obstaculos. Usa feedback visual. Todos os agentes são holonomicos e tem formato circular. O objeto a ser transportado não pode ser rotacionado. Apresenta tres controles distintos, um para circundar o objeto, outro para manter o estado de 'object closure', outro para se mover até o objeto levando o objeto. Usa CAGING},
  Source                   = {Scopus},
  Url                      = {http://www.scopus.com/inward/record.url?eid=2-s2.0-3142739363&partnerID=40&md5=654b754ab466837058ab7ee952207ac8}
}

@InProceedings{Pounds2011,
  Title                    = {Grasping from the air: Hovering capture and load stability},
  Author                   = {Pounds, Paul EI and Bersak, Daniel R and Dollar, Aaron M},
  Booktitle                = {Robotics and Automation (ICRA), 2011 IEEE International Conference on},
  Year                     = {2011},
  Organization             = {IEEE},
  Pages                    = {2491--2498},

  __markedentry            = {[ramonmelo:3]},
  Owner                    = {transport - grasp},
  Review                   = {Analisa os desafios encontrados em pegar um objeto e transporta-lo enquanto o robo aéreo mantem posição de 'hovering' É demonstrado que a perturbação adicionada pela massa do objeto sendo transportado pode ser ignorada com a aplicada de um controlador PID no agente. São determinados limites de estabilidade que não geram uma desestabilização no controle do sistema. É criado um controlador PID capaz de, baseado na dinamicidade da massa do agente junto à massa do objeto, é capaz de estabiliza-lo para realizar as ação de GRASP e posterior transporte.}
}

@InProceedings{Reif1979,
  Title                    = {Complexity of the mover’s problem and generalizations extended abstract},
  Author                   = {Reif, John H},
  Booktitle                = {Proceedings of the 20th Annual IEEE Conference on Foundations of Computer Science},
  Year                     = {1979},
  Pages                    = {421--427},

  __markedentry            = {[ramonmelo:5]},
  Owner                    = {transport - push}
}

@Misc{Robotics2014,
  Title                    = {V-REP},

  Author                   = {Coppelia Robotics},
  HowPublished             = {\url{http://www.coppeliarobotics.com/}},
  Note                     = {Accessed May 23, 2014},
  Year                     = {2014}
}

@Conference{Sakagami2002,
  Title                    = {The intelligent ASIMO: System overview and integration},
  Author                   = {Sakagami, Y. and Watanabe, R. and Aoyama, C. and Matsunaga, S. and Higaki, N. and Fujimura, K.},
  Year                     = {2002},
  Pages                    = {2478-2483},
  Volume                   = {3},

  Document_type            = {Conference Paper},
  Journal                  = {IEEE International Conference on Intelligent Robots and Systems},
  Source                   = {Scopus},
  Url                      = {http://www.scopus.com/inward/record.url?eid=2-s2.0-0036452426&partnerID=40&md5=b55d6ec5d601ac34b22a2042050351c1}
}

@Article{BarrosdosSantos2014,
  Title                    = {Autonomous Construction of Multiple Structures Using Learning Automata: Description and Experimental Validation},
  Author                   = {dos Santos, Barros Sergio R and Givigi, Sidney N and Nascimento, Cairo L},
  Year                     = {2014},

  __markedentry            = {[ramonmelo:3]},
  Owner                    = {transport - grasp - construction},
  Publisher                = {IEEE},
  Review                   = {É desenvolvido uma metodologia para construição de estruturas baseado em um esquema adaptativo criado a partir do uso de algoritmos de aprendizado de máquina, mais precisamente de treinamento por reforço. O sistema se utiliza de uma equipe de agentes para manipulação e construção de uma estrutura 3D baseada em peças pre-existentes. Estuda a tarefa de construção considerando as tarefas de planejamento da sequencia de peças a serem utilizadas, e posteriormente o acompanhamento da execução do plano. Descreve um framework de planejamento capaz criar planos de alto nivel para serem seguidos pelos drones durante a construção da estrutura. Baseado no plano de alto nivel, é criada a sequencia de ações de baixo nivel que devem ser realizadas. Todas estas etapas são primeiramente testadas em um ambiente simulado, e depois implementador em agentes reais. igual a \cite{BarrosdosSantos2013}}
}

@InProceedings{BarrosdosSantos2013,
  Title                    = {Autonomous construction of structures in a dynamic environment using reinforcement learning},
  Author                   = {dos Santos, Barros Sergio R and Givigi, Sidney N and Nascimento, Cairo L},
  Booktitle                = {Systems Conference (SysCon), 2013 IEEE International},
  Year                     = {2013},
  Organization             = {IEEE},
  Pages                    = {452--459},

  __markedentry            = {[ramonmelo:3]},
  Owner                    = {transport - grasp - construction}
}

@Conference{Shiroma2009,
  Title                    = {CoMutaR: A framework for multi-robot coordination and task allocation},
  Author                   = {Shiroma, P.M. and Campos, M.F.M.},
  Year                     = {2009},
  Pages                    = {4817-4824},

  Art_number               = {5354166},
  Document_type            = {Conference Paper},
  Journal                  = {2009 IEEE/RSJ International Conference on Intelligent Robots and Systems, IROS 2009},
  Owner                    = {coordination},
  Source                   = {Scopus},
  Url                      = {http://www.scopus.com/inward/record.url?eid=2-s2.0-76249090462&partnerID=40&md5=04d60bb320f458d1b8e4f306a85e3eae}
}

@Book{Rol2011,
  Title                    = {Introduction to Autonomous Mobile Robots},
  Author                   = {Roland Siegwart and Illah R. Nourbakhsh and Davide Scaramuzza},
  Publisher                = {MIT Press},
  Year                     = {2011},

  Address                  = {Cambridge, MA, USA},
  Edition                  = {2$^a$},

  ISBN                     = {0262015358}
}

@InProceedings{Song2002,
  Title                    = {A potential field based approach to multi-robot manipulation},
  Author                   = {Song, Peng and Kumar, Vijay},
  Booktitle                = {Robotics and Automation, 2002. Proceedings. ICRA'02. IEEE International Conference on},
  Year                     = {2002},
  Organization             = {IEEE},
  Pages                    = {1217--1222},
  Volume                   = {2},

  __markedentry            = {[ramonmelo:2]},
  Owner                    = {transport - push},
  Review                   = {Apresenta um framework para controle e coordenação de uma equipe para transporte cooperativo. Controle descentralizado para planejamento e controle. São aplicadas três ações: - Aproximação - Prender o objeto com os robos ao redor - Transportar o objeto Usa campos potenciais para realizar o transporte. Pode ser pensado como uma forma comportamental.}
}

@Article{Sugar2002,
  Title                    = {Control of cooperating mobile manipulators},
  Author                   = {Sugar, T.G. and Kumar, V.},
  Journal                  = {IEEE Transactions on Robotics and Automation},
  Year                     = {2002},
  Number                   = {1},
  Pages                    = {94-103},
  Volume                   = {18},

  __markedentry            = {[ramonmelo:3]},
  Document_type            = {Article},
  Owner                    = {transport - grasp},
  Review                   = {Demonstra um framework e algoritmos de controle para a coordenação de uma equipe de agentes que possuem manipuladores focados em tarefas que necessitem de segurar, manipular e transportar objetos grandes e possivelmente flexiveis. A coordenaçao entre a equipe é realizada mediante a percepção do ambiente e a comunicação. Tem a capacidade de manter formação em relação ao objeto e navegar autonomamento pelo ambiente. Usam 3 robos Os agentes devem levantar o objeto e trabalhar cooperativamente para transporta-lo em um ambinete bi-dimencional. O time é coordenado mediante o sistema de leader-follower, onde o agente que desempenha o papel de lider pode ser realocado durante a execução da tarefa, mas sempre haverá um lider. Este enviar sua trajetoria para os demais robos que devem segui-la. Os agentes tem controle independente, que possibilida a adição ou remoção de integrantes.},
  Source                   = {Scopus},
  Url                      = {http://www.scopus.com/inward/record.url?eid=2-s2.0-0036476852&partnerID=40&md5=b3c61b30a04047b2f6b35878dc6abc67}
}

@Article{Sujit2013,
  Title                    = {An empirical evaluation of Co-ordination strategies for an AUV and UAV},
  Author                   = {Sujit, P.B. and Saripalli, S.},
  Journal                  = {Journal of Intelligent and Robotic Systems: Theory and Applications},
  Year                     = {2013},
  Number                   = {1-4},
  Pages                    = {373-384},
  Volume                   = {70},

  Document_type            = {Article},
  Owner                    = {coordination},
  Source                   = {Scopus},
  Url                      = {http://www.scopus.com/inward/record.url?eid=2-s2.0-84871625462&partnerID=40&md5=1e73734dad0c37e7e6ef5aa84defd2a3}
}

@Conference{Tanner2007,
  Title                    = {Switched UAV-UGV cooperation scheme for target detection},
  Author                   = {Tanner, H.G.},
  Year                     = {2007},
  Pages                    = {3457-3462},

  Art_number               = {4209625},
  Document_type            = {Conference Paper},
  Journal                  = {Proceedings - IEEE International Conference on Robotics and Automation},
  Owner                    = {coordination},
  Source                   = {Scopus},
  Url                      = {http://www.scopus.com/inward/record.url?eid=2-s2.0-36348983266&partnerID=40&md5=a6e20adea8590553d1745ff668d40ea4}
}

@Article{Tanner2003,
  Title                    = {Nonholonomic navigation and control of cooperating mobile manipulators},
  Author                   = {Tanner, H.G. and Loizou, S.G. and Kyriakopoulos, K.J.},
  Journal                  = {IEEE Transactions on Robotics and Automation},
  Year                     = {2003},
  Number                   = {1},
  Pages                    = {53-64},
  Volume                   = {19},

  __markedentry            = {[ramonmelo:3]},
  Document_type            = {Article},
  Owner                    = {transport - grasp},
  Review                   = {Apresenta uma metodologia para planejamento de movimentos aplicavel para robos não holonomicos com manipuladores articulados com garantias de desvio de obstaculos e propriedades de convergencia. Apresenta um modelo matematico utilizando aplicado em conjunto com os chamados campos potenciais artificiais dipolares para realizar o planejamento de trajetoria dos agentes. O problema tratado é o de manipulação de objetos maleaveis por multiplos manipuladores não holonomicos em um ambiente com obstaculos e um controle centralizado.},
  Source                   = {Scopus},
  Url                      = {http://www.scopus.com/inward/record.url?eid=2-s2.0-0037331072&partnerID=40&md5=b636bd8f3a74d7d51548cd4e27f4f966}
}

@Article{Thomas2014,
  Title                    = {Toward autonomous avian-inspired grasping for micro aerial vehicles},
  Author                   = {Thomas, Justin and Loianno, Giuseppe and Polin, Joseph and Sreenath, Koushil and Kumar, Vijay},
  Journal                  = {Bioinspiration \& biomimetics},
  Year                     = {2014},
  Number                   = {2},
  Pages                    = {025010},
  Volume                   = {9},

  __markedentry            = {[ramonmelo:3]},
  Owner                    = {transport - grasp},
  Publisher                = {IOP Publishing},
  Review                   = {Demonstra a criação e estudo de um manipulador inspirado no metodo de captura e transporte de presas por falcoes. Apresenta um modelo de controle para este novo tipo de manipulador que pode ser anexado a um quadrotor e utilizado para agarrar objetos mantendo um movimento continuo. Para tal, os controladores utilizam tecnicas de planejamento de trajetorias e visão computacional para realizar a tarefa de segurar o objeto durante o voo.}
}

@Book{Thrun2005,
  Title                    = {{Probabilistic Robotics (Intelligent Robotics and Autonomous Agents)}},
  Author                   = {Thrun, Sebastian and Burgard, Wolfram and Fox, Dieter},
  Publisher                = {The MIT Press},
  Year                     = {2005},

  ISBN                     = {0262201623}
}

@InProceedings{Tiganas2013,
  Title                    = {Multi-robot based implementation for a sample gathering problem},
  Author                   = {Tiganas, Vladimir and Kloetzer, Marius and Burlacu, Adrian},
  Booktitle                = {System Theory, Control and Computing (ICSTCC), 2013 17th International Conference},
  Year                     = {2013},
  Organization             = {IEEE},
  Pages                    = {545--550},

  Owner                    = {task allocation},
  Review                   = {Apresenta um sistema de controle de multi-agentes na tarefa de coleta de amostras espalhadas aleatoriamente no ambiente. Explana a utilização de um contralador central que deve perceber o ambiente (obstaculos e amostras) bem como os agentes envolvidos na tarefa. Através da solução do \emph{Binary Integer Linear Programming Problem (BIP)} gera uma matrix de aloção entre amostras e robôs de modo que o somatório das distâncias percorridas pelos agentes seja minimizada.}
}

@InProceedings{Tokekar2013,
  Title                    = {Sensor planning for a symbiotic UAV and UGV system for precision agriculture},
  Author                   = {Tokekar, P. and Vander Hook, J. and Mulla, D. and Isler, V.},
  Booktitle                = {Intelligent Robots and Systems (IROS), 2013 IEEE/RSJ International Conference on},
  Year                     = {2013},
  Month                    = {Nov},
  Pages                    = {5321-5326},

  Doi                      = {10.1109/IROS.2013.6697126},
  ISSN                     = {2153-0858},
  Keywords                 = {agriculture;approximation theory;autonomous aerial vehicles;industrial robots;path planning;UGV system;constant-factor approximation algorithm;fertilizer usage;path planning problem;precision agriculture;sensor planning;soil measurements;symbiotic UAV;unmanned aerial vehicle;unmanned ground vehicle;Agriculture;Approximation algorithms;Mathematical model;Robot sensing systems;Soil;Soil measurements;Time measurement},
  Owner                    = {path planning}
}

@InProceedings{Wada2013,
  Title                    = {Cooperative transportation of a single object by omnidirectional robots using potential method},
  Author                   = {Wada, Masaki and Torii, Ryotaro},
  Booktitle                = {Advanced Robotics (ICAR), 2013 16th International Conference on},
  Year                     = {2013},
  Organization             = {IEEE},
  Pages                    = {1--6},

  __markedentry            = {[ramonmelo:3]},
  Owner                    = {transport - grasp},
  Review                   = {Utiliza campos potenciais para o transporte de um unico objeto utilizando um time de robos holonomicos e ominidirecionais. Apresenta uma sistema de controle ominidirecional com o uso das ditas rodas 'caster' ativas, que faz uso de rodas caster normais, porém, com a capacidade de serem direcionadas e aplicarem tração na movimentação do robo. O uso deste tipo de sistema permite que um agente se desloque de forma holonomica, mantendo um bom estado de localização local. Não apresenta sistema de detecção de obstaculos. Possui um sistema centralizado que possui o mapa e as localizações dos agentes.}
}

@InProceedings{Wang2009,
  Title                    = {Multi-robot decision making based on coordination graphs},
  Author                   = {Wang, Jin and Wang, Tong and Wang, Xiao and Meng, Xiangping},
  Booktitle                = {Mechatronics and Automation, 2009. ICMA 2009. International Conference on},
  Year                     = {2009},
  Organization             = {IEEE},
  Pages                    = {2393--2398},

  Owner                    = {task allocation},
  Review                   = {Os autores apresentam uma técnica de Grafos de Coordenação entre agentes em um ambiente dinâmico, salientando funções para alocação dinamica de papeis dentre os agentes envolvidos e como fazer com que os mesmos sincronizem suas ações.}
}

@InProceedings{Wang2002,
  Title                    = {Object closure and manipulation by multiple cooperating mobile robots},
  Author                   = {Wang, ZhiDong and Kumar, Vijay},
  Booktitle                = {Robotics and Automation, 2002. Proceedings. ICRA'02. IEEE International Conference on},
  Year                     = {2002},
  Organization             = {IEEE},
  Pages                    = {394--399},
  Volume                   = {1},

  __markedentry            = {[ramonmelo:2]},
  Owner                    = {transport - push},
  Review                   = {Realiza o transporte por meio da tecnica de Object Closure. Faz uso de campos potenciais para criar um controlador descentradlizado para realizar o transporte do objetos. O transporte é realizado em três etapas: - Os robos se aproximam do objeto independentemente. - Os agentes procuram por uma formação ao redor do objeto de modo que o mesmo não possa escapar - É aplicado um controlador de primeira ordem, como o de campos potenciais, para transportar o objeto.}
}

@InProceedings{Wawerla2010,
  Title                    = {A fast and frugal method for team-task allocation in a multi-robot transportation system},
  Author                   = {Wawerla, Jens and Vaughan, Richard T},
  Booktitle                = {Robotics and Automation (ICRA), 2010 IEEE International Conference on},
  Year                     = {2010},
  Organization             = {IEEE},
  Pages                    = {1432--1437},

  Owner                    = {task allocation},
  Review                   = {Demonstra a comparação entre dois modelos de alocação de tarefas entre agentes que pretendem realizar o transporte de pacotes entre uma fonte e um local de depósito. Contrasta um planejador central que possui as informações de todos os aspectos do ambiente, como a frequência de produção das fontes, e quais tarefas um determinado agente esta executando; além dessas informações, o planejador tenta calcular o fator de interferência que ocorre durante o transporte, seja por causa de obstáculos no caminho ou o congestionamento entre agentes. Baseado nestas informações, consegue realocar tarefas entre os agentes ou mesmo deixá-los em modo de espera. O segundo caso, é o uso de um sistema descentralizado para o arranjo das tarefas entre os agentes. Neste caso, os agentes só possuem a informação de onde se encontram a fonte e o depósito, além de só terem informação local. Os autores formularam uma heuristica para a avaliação da alocação de tarefas seguindo os 3 casos a seguir, que ocorre sempre que um agente volta de uma entrega: \begin{enumerate} \item Agentes estão esperando por um pacote na fonte; \item Existe um pacote na fonte, mas nenhum agente esperando; \item Não existem robôs esperando, porém não existe pacote para ser transportado; \end{enumerate} No primeiro caso, é evidente que existem muitos agentes alocados para a mesma tarefa; no segundo pode-se dizer que existem poucos agentes realizando aquela tarefas; e o terceiro caso seria o caso ideal. Baseado nestas regras simples, os agentes são capazes de realocar suas próprias tarefas de forma autônoma.}
}

@Article{Wen1992,
  Title                    = {Motion and force control of multiple robotic manipulators},
  Author                   = {Wen, John T and Kreutz-Delgado, Kenneth},
  Journal                  = {Automatica},
  Year                     = {1992},
  Number                   = {4},
  Pages                    = {729--743},
  Volume                   = {28},

  Publisher                = {Elsevier}
}

@Article{Willmann2012,
  Title                    = {Aerial robotic construction towards a new field of architectural research},
  Author                   = {Willmann, Jan and Augugliaro, Federico and Cadalbert, Thomas and D'Andrea, Raffaello and Gramazio, Fabio and Kohler, Matthias},
  Journal                  = {International journal of architectural computing},
  Year                     = {2012},
  Number                   = {3},
  Pages                    = {439--460},
  Volume                   = {10},

  __markedentry            = {[ramonmelo:3]},
  Owner                    = {transport - grasp - construction},
  Publisher                = {Multi Science Publishing},
  Review                   = {Apresenta um novo ramo de pesquisa utilizando robôs aéreos para não somente o transporte de objetos, mas também para a construção de estruturas, o chamado 'aerial robotic construction ARC', no qual este tipo de estudo definirá os principios de design e processos de fabricação de items. Demonstra que a utilizaçao de robos aereos não contempla as limitações de agentes terrestres, pois podem atuar em áreas muito maiores, conseguindo realizar a construção de estruturas que estão diretamente interligadas com o modelo digital do mesmo, aumentas as possiblidades envolvendo este tipo de criação. Como modelo de experimentação, demonstra a criação de uma torre de 6 metros de altura, possuindo cerca de 1500 peças modulares utilizada na sua construção. O processo fora totalmente realizado autonamente por uma equipe de agentes aereos. O trabalho realizado demonstra que o sistema ARC possui diversas vantagens: (i) o mesmo não necessida de armações de apoio para ser construido, (ii) o design do modelo pode ser complexo, pois os agentes são guiados explicitamente pelo molde digital da estrutura, (iii) o sistema é escalável no sentido de que não está preso ao ambiente, além de um grade numero de agentes pode atuar simultaneamente durante o processo. \cite{Augugliaro2014}}
}

@Article{Yamashita2003,
  Title                    = {Motion planning of multiple mobile robots for cooperative manipulation and transportation},
  Author                   = {Yamashita, A. and Arai, T. and Ota, J. and Asama, H.},
  Journal                  = {IEEE Transactions on Robotics and Automation},
  Year                     = {2003},
  Number                   = {2},
  Pages                    = {223-237},
  Volume                   = {19},

  __markedentry            = {[ramonmelo:3]},
  Document_type            = {Article},
  Owner                    = {transport - grasp},
  Review                   = {É demonstrado um metodo para planejamento de movimentos para o transporte de objetos grandes, em relação aos agentes, em um ambiente em 3 dimensões. Foram desenvolvidos dois planejadores, um global, outro local. que foram integrados para realizar a tarefa completa. O objeto é manipulado com a utilizaçao de bastões utilizados pelos agentes, que o empurram para sua mudança de pose. Podem transportar somente 1 objeto por vez. O planejador global é responsável por criar um plano que determinar quando e onde o objeto deve ser manipulador, além de quais tipos de manipulação devem ocorrer. O mesmo considera a movimentação do objetos e dos robos, desviando de obstáculos. O planejador local executa o plano criado anteriormente, informando quais as reações do sistema baseado nas ações que foram pre-determinadas. Informações como o custo para a manipulação e a area necessária para sua execução são utilizadas pelo planejador global para criar um plano.},
  Source                   = {Scopus},
  Url                      = {http://www.scopus.com/inward/record.url?eid=2-s2.0-0037387782&partnerID=40&md5=6bc461033925c26c8fdfbfd818e7bd17}
}

@Conference{Zacharias2007,
  Title                    = {Capturing robot workspace structure: Representing robot capabilities},
  Author                   = {Zacharias, F. and Borst, C. and Hirzinger, G.},
  Year                     = {2007},
  Pages                    = {3229-3236},

  Art_number               = {4399105},
  Document_type            = {Conference Paper},
  Journal                  = {IEEE International Conference on Intelligent Robots and Systems},
  Owner                    = {mapping},
  Source                   = {Scopus},
  Url                      = {http://www.scopus.com/inward/record.url?eid=2-s2.0-51349096967&partnerID=40&md5=f4ebfbf40a9335e19c0a7f6376ae83a3}
}

@Article{Zhang2009,
  Title                    = {A CORBA-based cooperative mobile robot system},
  Author                   = {Zhang, Z. and Cao, Q. and Zhang, L. and Lo, C.},
  Journal                  = {Industrial Robot},
  Year                     = {2009},
  Number                   = {1},
  Pages                    = {36-44},
  Volume                   = {36},

  Document_type            = {Article},
  Owner                    = {mapping},
  Source                   = {Scopus},
  Url                      = {http://www.scopus.com/inward/record.url?eid=2-s2.0-58349100464&partnerID=40&md5=9145c4480f66c33c5fac43e81cdcee76}
}


